Medicare ID,Year,Facility,Address,City,Zip,Health Service Area,FEIN Number,Legal Entity Owner,Ownership,Administrator,Medical Director Name,Property Owner 1,Property Owner 1 Address,Property Owner 1 City,Property Owner 2,Property Owner 2 Address,Property Owner 2 City,Property Owner 3,Related Entity 1,Related Entity 1 Relationship,Related Entity 1 Interest,Related Entity 2,Related Entity 2 Relationship,Related Entity 2 Interest,Related Entity 3,Related Entity 3 Relationship,Related Entity 3 Interest,Related Entity 4,Related Entity 4 Relationship,Related Entity 4 Interest,Related Entity 5,Related Entity 5 Relationship,Related Entity 5 Interest,Full-Time Work Week,Regsitered Nurse FTE,Dialysis Technician FTE,Dietician FTE,Social Worker FTE,LPN FTE,Other Health FTE,Other Non-Health FTE,Total Employees,Personnel Comments,Authorized Stations Start,Certified Stations Start,Authorized Stations End,Certified Stations End,Peak Station Operated,Stations Setup October,Isolation Stations October,In-Center Treatments,Average Treatment Time,Number of Missed Patients,Shifts Monday,Shifts Tuesday,Shifts Wednesday,Shifts Thursday,Shifts Friday,Shifts Saturday,Shifts Sunday,Incenter Nocturnal Dialysis,Hours of Operation Oct 1,Hours of Operation Oct 2,Hours of Operation Oct 3,Hours of Operation Oct 4,Hours of Operation Oct 5,Hours of Operation Oct 6,Hours of Operation Oct 7,Patients Treated Oct 1,Patients Treated Oct 2,Patients Treated Oct 3,Patients Treated Oct 4,Patients Treated Oct 5,Patients Treated Oct 6,Patients Treated Oct 7,Beginning Patients,Ending Patients,Total Patients Treated,Number of New Patients,Number of Transient Patients,Number Patients Re-Started,Number Post-Transplant,Number Recovered,Number of Transplant Recipients,Number Transferred,Number Voluntarily Discontinued,Number Lost to Follow-up,Number of Patients Died,Medicare Patients,Medicaid Patients,Other Public Patients,Private Insurance Patients,Private Pay Patients,Charity Patients,Total Patients Payment,Male Patients Under 14,Female Patients Under 14,Total Under 14,Male Patients 15-44,Female Patients 15-44,Total 15 to 44,Male Patients 45-64,Female Patients 45-64,Total 45 to 64,Male Patients 65-74,Female Patients 65-74,Total 65 to 74,Male Patients 75 and Over,Female Patients 75 and Over,Total 75 and Over,Total Males Age,Total Females Age,Total Patients Age,Asian Patients,American Indian Patients,Black African Patients,Hawaiian Pacific Patients,White Patients,Unknown Race Patients,Total Residents Race,Hispanic Latino Patients,Non-Hispanic Latino Patients,Unknown Ethnicity Patients,Total Residents by Ethnicity,Starting Date,Ending Date,Source of Financial Data,Total Capital Expenditures,Project 1,Project 1 Amount Obligated,Project 1 Financing,Project 1 CON Number,Project 2,Project 2 Amount Obligated,Project 2 Financing,Project 2 CON Number,Project 3,Project 3 Amount Obligated,Project 3 Financing,Project 3 CON Number,Project 4,Project 4 Amount Obligated,Project 4 Financing,Project 4 CON Number,Project 5,Project 5 Amount Obligated,Project 5 Financing,Project 5 CON Number,Project 6,Project 6 Amount Obligated,Project 6 Financing,Project 6 CON Number,Project 7,Project 7 Amount Obligated,Project 7 Financing,Project 7 CON Number,Project 8,Project 8 Amount Obligated,Project 8 Financing,Project 8 CON Number,Project 9 Amount Obligated,Project 10 Amount Obligated,Long-Term Debt,Net Revenue - Medicare,Net Revenue - Medicaid,Net Revenue - Other Public,Net Revenue - Private Insur,Net Revenue - Private Pay,Total Revenue,Medicare Check,Medicaid Check,Other Public Check,Private Insurance Check,Private Pay Check,Actual Cost of Charity Care,Charity Check,Covid,Contact Person,Contact Person Title,Contact Person Telephone,Contact Person Email,Person Certifying,Certifier Title,Certification Date,Comments,Total Treatments
14-2806,2023,ARA SOUTH BARRINGTON,33 W HIGGINS ROAD SUITE 920-945,South Barrington,60010,7,,,Limited Liability Company,FAUZIA JAVAID,DR. ABHISHEK PULLA,ILLINOIS PROPERTY SOLUTIONS,1801 N MILL STREET,"NAPERVILLE, IL 60563",,,,,AMERICAN RENAL ASSOCIATES,MEMBER,MEMBERSHIP,ABHISHEK PULIA,MEMBER,MEMBERSHIP,,,,,,,,,,40,3,3,0.5,0.5,0,1,0.5,8.5,,14,14,14,14,14,93,0,210,49,4,3,1,3,1,3,1,0,Off,,13.5,7,13.5,7,13.5,7,0,24,7,24,7,24,7,38,30,49,6,6,1,0,1,2,11,1,0,5,41,5,0,3,0,0,49,0,0,0,2,0,2,19,1,20,5,7,12,8,7,15,34,15,49,8,0,8,0,15,0,31,18,31,0,49,1/1/2023,12/31/2023,Review/Compilation of Financial Statements,$-,,,,,,,,,,,,,,,,,,,,,,,,,,,,,,,,,,,0,1157895,77975,0,234020,0,1469890,41,5,0,3,0,0,0,,,,,,,,,,4800
14-2810,2023,ARA/IRC Crystal Lake,6298 Northwest Highway Suite 300,Crystal Lake,60014,8,52-2413908,ARA N.W. Chicago LLC,Limited Liability Company,Felix Abiol,Dr. Abishek Pulla,Centro Bradley Crystal lake  LLC,40 Skokie Boulevard Suite 300,Northbrook IL. 60062,,,,,American Renal Associates,member,membership,Dr Abishek Pulla,member,membership,,,,,,,,,,40,2,2,0.5,0.5,0,0.5,0.5,6,"FTM- covers Crystal Lake and other 2 clinics
AA- covers Crystal Lake and other 2 clinics",16,16,16,16,16,16,0,240,8,2,2,,2,,2,,,No,,12,,12,,12,,,14,,13,,15,,22,15,31,10,2,0,0,1,1,8,2,0,4,28,1,0,1,1,0,31,0,0,0,1,0,1,9,4,13,9,2,11,6,0,6,25,6,31,2,0,2,0,27,0,31,5,26,0,31,1/1/2023,12/31/2023,Review/Compilation of Financial Statements,"$3,200.00",,,,,,,,,,,,,,,,,,,,,,,,,,,,,,,,,,,0,612560,1543,0,173089,400,787592,28,1,0,1,1,0,0,,,,,,,,,,2417
14-2857,2023,ARA/IRC McHenry Dialysis,4209 W Shamrock Lane Unit A,McHenry,60050,8,,American Renal Associates,Limited Liability Company,Felix Abiol,Dr. Amit Arora,Riggsby Construction,471 Jennings Dr.,"Lake in the Hills,Il 60156",,,,,American Renal Associates,member,membership,Dr Amit Arora,member,membership,,,,,,,,,,40,2,1.5,0.5,0.5,0,0.5,0.5,5.5,"FTM- covers McHenry and other 2 clinics
AA- covers McHenry and other 2 clinics",12,12,12,12,12,12,0,240,12,3,3,,3,,3,,,No,,16,,16,,16,,,17,,16,,16,,18,21,41,10,16,2,0,0,0,19,2,0,3,37,2,1,1,0,0,41,0,0,0,0,1,1,8,6,14,6,5,11,12,3,15,26,15,41,1,0,3,0,30,0,34,7,0,0,7,1/1/2023,12/31/2023,Review/Compilation of Financial Statements,"$2,499.00",,,,,,,,,,,,,,,,,,,,,,,,,,,,,,,,,,,0,686552,1304,41335,237594,0,966785,37,2,1,1,0,0,0,,,,,,,,,,2607
14-2732,2023,Arlington Heights Renal Center,17 W. Golf Road,Arlington Heights,60005,7,20-2694671,,For Profit Corporation,Josephine Monaco,George Hvostik MD,Dholdings,2118 South Plim Grove Road Suite 265,Rolling Meadows IL 60008,,,,,,,,,,,,,,,,,,,,32,2,3,0.5,0.5,0,0.25,0,6.25,Other Health Related Professionals Bio Med 0.25,20,20,20,20,20,20,1,285,121,2,2,1,2,1,2,1,0,No,0,11,7,11,7,11,7,0,28,11,24,11,32,13,36,37,37,14,14,2,0,2,1,20,0,0,4,17,5,2,8,0,5,37,0,0,0,3,1,4,9,5,14,4,5,9,5,5,10,21,16,37,11,0,0,0,26,0,37,11,26,0,37,1/1/2023,12/31/2023,Review/Compilation of Financial Statements,,,,,,,,,,,,,,,,,,,,,,,,,,,,,,,,,,,,,545182.7,1027037,769786.12,1234889.72,0,3576895.54,17,5,2,8,0,58680,5,,,,,,,,,,5398
14-2855,2023,Barrington Creek Dialysis,"28160 West Nothwest Hwy, Suite 104",Lake Barrington,60010,8,274360932,"Camino Dialysis, LLC",For Profit Corporation,Stacia Riffe,Dr. Sumit Bector,Andrew Staskevicius,"790 W. Frontage, Ste 722","Northfield, IL 60093",,,,,,,,,,,,,,,,,,,,40,2,3,0.5,0.5,0,0,1.5,7.5,"Administrative Assistance
Facility Administrator
Biomed",12,12,12,12,12,12,0,210,113,3,3,0,3,0,3,0,0,No,0,15,0,15,0,15,0,0,25,0,23,0,23,0,26,26,38,10,1,0,0,0,0,10,3,0,2,32,1,0,5,0,0,38,0,0,0,1,1,2,6,2,8,11,1,12,9,7,16,27,11,38,2,0,0,0,36,0,38,6,32,0,38,1/1/2023,12/31/2023,Audited Financial Statements,"$42,547.93",,,,,,,,,,,,,,,,,,,,,,,,,,,,,,,,,,,0,553762.63,11759.1,433179.91,567408.89,0,1566110.53,32,1,0,5,0,0,0,,,,,,,,,,3528
14-3531,2023,Belvidere Dialysis,1751 Henry Luckow Lane,Belvidere,61008,1,1518365428,"Dialysis of Northern Illinois, LLC",Limited Liability Company,Ashley King,Mashood Ahmad,First Rockford Group,6801 Spring Creek Road,"Rockford, Illinois 61107",,,,,Rockford Nephrology Associates,Joint Venture,Joint Venture,,,,,,,,,,,,,40,1.5,3.25,1,1,0,1,1.25,9,"Other Health Related Professionals:
-Facility Administrator- 1 worker

Other Non-Health Related Professionals:
Biomed - .5 Worker
Administrative Assistant- .75 worker",12,12,12,12,12,12,1,210,190,,3,1,3,1,3,1,0,No,0,14,7,14,7,14,7,0,27,11,27,10,27,10,41,40,61,19,2,0,0,1,3,9,0,0,8,47,7,1,6,0,0,61,0,0,0,2,2,4,7,10,17,8,3,11,17,12,29,34,27,61,1,0,3,0,57,0,61,21,40,,61,1/1/2023,12/31/2023,Review/Compilation of Financial Statements,,,,,,,,,,,,,,,,,,,,,,,,,,,,,,,,,,,,,,,,,,0,47,7,1,6,0,0,0,,,,,,,,,,6007
14-2709,2023,Benton DaVita,1151 Rt 14 W,Benton,62812,5,20-1649898,"Renal Life Link, Inc",For Profit Corporation,Sheri Steele,"Cheryl Emmons, MD",Nephroplex Service Corp,1151 Rt 14 W,"Benton, IL  62812",,,,,,,,,,,,,,,,,,,,32,3,6,0.5,0.5,0,0,1,11,"0.25 FTE BM
0.75 FTE AA",13,13,13,13,13,13,0,180,479,2,2,2,2,2,2,2,0,No,0,12,12,12,12,12,12,0,25,23,25,19,25,22,47,44,75,21,8,1,0,0,0,15,0,0,15,53,8,9,5,0,0,75,0,0,0,5,2,7,16,8,24,12,4,16,19,9,28,52,23,75,0,0,6,1,68,,75,1,74,,75,1/20/2023,12/20/2023,Audited Financial Statements,$-,,,,,,,,,,,,,,,,,,,,,,,,,,,,,,,,,,,0,1139720.76,9152.12,1195522.82,252676.74,0,2597072.44,53,8,9,5,0,0,0,,,,,,,,,,6393
14-2598,2023,Brighton Park,4737 S California Ave,Chicago,60632,6,81-1739026,"Itasca  Dialysis, LLC",For Profit Corporation,Eva Verdin,Bharathi Reddy,Mike Laub of Laub Realty,"109 Montgomery Avenue, Suite 102","Scarsdale, NY 10583",,,,,Total Renal Care Inc.,Lessee,,,,,,,,,,,,,,40,2,9,1,1,0,1,2,16,"Biomed Teammate- 
Repairs and maintains dialysis systems, R.O. water systems, reuse equipment, and ancillary medical equipment and provides support.
Documentation
Performs electrical safety assurance and performance testing on all dialysis machines and related electrical equipment.
Monitors R.O. system and log sheets, on a monthly basis, for completeness and accuracy, noting any deviations from normal standards.
Upgrades R.O. water treatment systems to DaVita standards as needed, under the direction of the Area Biomedical Supervisor (ABS) or Divisional charge of the water system, fixing and maintaining the dialysis machines.",16,16,16,16,16,16,1,3.34,149,3,3,2,3,2,3,2,0,No,0,14,11,14,11,14,11,0,32,17,31,18,33,16,0,19,88,20,13,0,2,0,4,9,0,0,2,35,21,10,17,0,5,88,0,0,0,8,7,15,29,10,39,14,8,22,6,6,12,57,31,88,1,0,18,0,69,0,88,69,19,0,88,1/1/2023,12/31/2023,Review/Compilation of Financial Statements,"$37,931.31",,,,,,,,,,,,,,,,,,,,,,,,,,,,,,,,,,,0,559321.69,300152.3,898630.53,1195108,0,2953212.52,35,21,10,17,0,78120,5,,,,,,,,,,"7,338"
14-2716,2023,Carle Health Outpatient Dialysis Center,"5401 N. Knoxville Ave., Ste 104",Peoria,61614,2,37-0681540,Proctor Community Hospital,Not for Profit Corporation,Stephanie Cicero,Dr. David Houser,Methodist Services Inc.,221 NE Glen Oak Ave,"Peoria, IL 61636",,,,,The Carle Foundation,Operational Manager,Parent Company,Visonex LLC,Billing Agency,Contract,Methodist Health Services Corp,,Parent Company,Carle Health West Region,,,,,,244,3,4,1,1,0,2,0,11,"Administrative Assistant
RN/Manager",14,14,14,14,14,13,0,240,129,2,2,0,2,0,2,0,0,No,0,12,0,12,0,12,0,0,19,0,22,0,20,0,22,22,27,5,0,1,0,0,0,4,1,0,1,24,3,0,0,0,0,27,0,0,0,0,0,0,2,4,6,4,6,10,5,6,11,11,16,27,0,0,11,0,16,0,27,0,27,0,27,1/1/2023,12/31/2023,Review/Compilation of Financial Statements,$-,,,,,,,,,,,,,,,,,,,,,,,,,,,,,,,,,,,11087009,701790.37,6291.18,0,220204.31,,928285.86,24,3,0,0,0,0,0,,,,,,,,,,3057
14-2711,2023,Centralia DaVita Dialysis,1231 St Rt 161 East,Centralia,62801,5,20-1649898,Renal Life Link Inc,For Profit Corporation,Kimberly Henke,Faisal Rashid,Steven Zelman,416 N 12th Street,Mount Vernon IL 62864,,,,,,,,,,,,,,,,,,,,32,2,5,1,1,0,0,2,11,"Administrative assistant
Bio-medical service specialist.",14,14,14,14,14,14,0,180,664,,3,2,3,2,3,2,0,Off,0,13.5,9.5,11.5,9.5,12,9.5,0,28,24,24,23,27,25,55,54,84,24,6,1,2,0,4,6,3,0,19,75,3,5,1,0,0,84,0,0,0,8,3,11,9,9,18,17,7,24,14,17,31,48,36,84,0,0,11,0,73,0,84,0,0,0,0,1/1/2023,12/31/2023,Review/Compilation of Financial Statements,"$15,946.33",,,,,,,,,,,,,,,,,,,,,,,,,,,,,,,,,,,0,1806171.59,0,734327.3,468980.35,0,3009479.24,75,3,5,1,0,0,0,,,,,,,,,,7435
14-2883,2023,Chicago Ridge Dialysis,10511 S Harlem Ave.,Worth,60415,7,46-3080901,DaVita Chicago Ridge Dialysis,Limited Liability Partnership,Michele Lee,Sreya Pallath,Network Commercial Real Estate,7820 Graphics Dr #107,Tinley Park IL 60477,,,,,Cagles Dialysis LLC,Ownership,For Profit Corporation,,,,,,,,,,,,,40,2,6,1,1,0,1,2,13,"1- Other Health - Facility Administrator
2 - Other Non Health - Adminsitrative Assistant, & Biomed",16,16,16,16,16,16,1,210,588,2,2,2,2,2,2,2,0,No,0,11,11,11,11,11,11,0,19,17,19,13,21,16,53,40,,30,17,0,0,2,5,33,8,0,11,55,14,3,7,0,0,79,0,0,0,3,2,5,16,10,26,18,8,26,11,11,22,48,31,79,2,0,15,0,62,0,79,11,68,0,79,1/1/2023,12/31/2023,Review/Compilation of Financial Statements,"$13,334.18",,,,,,,,,,,,,,,,,,,,,,,,,,,,,,,,,,,0,744864.83,60214.03,1978105.14,511575.07,0,3294759.07,55,14,3,7,0,0,0,,,,,,,,,,5794
14-2749,2023,Churchview,417 Ware Ave,Rockford,61107,1,23-2798598,Renal Treatement Centers of Ilinois,For Profit Corporation,Shawntay Lopez,Charles Sweeney MD,First Midwest Group,6801 Spring Creek Rd,Rockford il 61114,,,,,,,,,,,,,,,,,,,,599.97,5,7,1,1,0,1,1,16,"Other Health related professionals- Biomedical Technictian
Other Health related Professional- Administrative Assistant",24,24,24,24,24,24,0,210,936,3,3,2,3,2,3,2,3,No,0,14,7,14,7,14,7,0,45,9,42,11,45,9,0,0,115,37,4,7,0,3,2,7,6,1,11,89,14,4,8,0,0,115,0,0,0,10,5,15,22,13,35,26,7,33,16,16,32,74,41,115,1,0,24,0,67,23,115,23,92,0,115,1/1/2023,12/31/2023,Review/Compilation of Financial Statements,"$158,673.03",,,,,,,,,,,,,,,,,,,,,,,,,,,,,,,,,,,0,207490.73,1963330.01,1782766.22,3412653.04,0,7366240,89,14,4,8,0,0,0,,,,,,,,,,10615
14-2633,2023,Circle Medical Management,1426 W. Washington Blvd,Chicago,60607,6,363473095,Circle Medical Management,For Profit Corporation,Sheri Korbet,Stephen Korbet,Respiratory Health,1424 W. Washington Blvd,"Chicago, IL. 60607",,,,,,,,,,,,,,,,,,,,36,5,12,1,1,0,2,7,28,"Health= Biomed Tech, PD/HH Admission Coordinator
Non-Health=Facility Administrator, Accountant, Director of Support Services, Admin Assistants(2), Receptionist, billing Manager",,,,,,,,,,2,2,2,2,2,2,2,0,No,,,,,,,,0,91,91,91,91,91,91,91,92,118,30,2,1,2,4,7,14,0,0,4,54,5,19,40,0,0,118,0,0,0,6,13,19,23,24,47,11,15,26,9,17,26,49,69,118,6,0,85,0,27,0,118,22,96,0,118,1/1/2023,3/31/2023,Review/Compilation of Financial Statements,$-,NONE,,,,,,,,,,,,,,,,,,,,,,,,,,,,,,,,,,0,362284.7,29008.15,54805.73,567719.09,4289.86,1018107.53,54,5,19,40,0,0,0,,,,,,,,,,12886
14-2831,2023,Cobblestone Dialysis,836 Dundee Ave.,Elgin,60120,8,95-3372911,Total Renal Care,For Profit Corporation,Tracy Only,Dr. Ravi Damaraju,Palestra Properties,623 Pottstown Pike A,"Exto, PA 19341",,,,,,,,,,,,,,,,,,,,40,3,7,1,1,0,0,3,15,"Administrative Assistance
Biomed
Facility Administrator",16,16,16,16,16,16,0,210,299,6,4,2,4,2,4,2,0,No,0,17,9,17,9,17,9,0,31,22,32,23,33,21,69,65,96,20,4,1,1,0,0,3,1,0,3,40,18,0,34,0,4,96,0,0,0,7,6,13,25,18,43,7,15,22,8,10,18,47,49,96,9,0,16,71,0,,96,56,40,,96,01.01.23,12.31.23,Review/Compilation of Financial Statements,"$9,936.09",,,,,,,,,,,,,,,,,,,,,,,,,,,,,,,,,,,0,816999.47,281499.61,905966.07,3416616.24,,5421081.39,40,18,0,34,0,97560,4,,,,,,,,,,9385
14-2534,2023,Collinsville Dialysis,101 Lanter Court,Collinsville,62234,11,95-3372911,"Total Renal Care,Inc.",For Profit Corporation,Tedra Howell,Sriraj Kanungo,Rosie Cowlen of Cowlen Properties,3 Meadow Acres Lane,"St. Louis, MO 63124",,,,,,,,,,,,,,,,,,,,40,2,3,0.5,1,0,1,0.5,8,"Health related Professional-Facility Administrator
Non-Health Related Professional-Administrative Assistant",8,8,12,12,12,12,1,210,85,2,2,2,2,2,2,2,0,No,0,12,9,12,9,12,9,0,18,14,17,14,17,14,18,35,41,16,0,0,0,0,0,3,3,0,1,33,3,3,1,,1,41,0,0,0,1,1,2,13,3,16,7,3,10,5,8,13,26,15,41,2,0,16,0,23,0,41,2,39,,41,1/1/2023,12/31/2023,Review/Compilation of Financial Statements,"$6,981.58",,,,,,,,,,,,,,,,,,,,,,,,,,,,,,,,,,,0,410271.31,36402.79,984946.21,328405.84,0,1760026.15,33,3,3,1,0,1080,1,,,,,,,,,,4425
14-2635,2023,Cook County DBA Provident Dialysis Center,430 E. 50th Place,Chicago,60615,6,36-6006541,Cook County,Government County,Marvinia Anderson,Dr. Kalyani Perumal,Cook County,500 E. 51st Street,"Chicago, IL 60615",,,,,,,,,,,,,,,,,,,,528,2.25,6.7,0.8,0.8,0,1,1.75,13.3,"Administrative Assistant
Facility Manager
Biomed",12,12,12,12,12,11,0,225,524,3,3,2,3,2,3,2,0,No,0,16,12,16,12,16,12,0,28,16,28,14,28,15,36,47,58,21,1,0,0,0,3,7,0,0,1,24,28,0,6,0,0,58,0,0,0,5,3,8,23,10,33,4,6,10,3,4,7,35,23,58,1,0,53,0,4,0,58,4,54,0,58,12/1/2022,11/30/2023,Review/Compilation of Financial Statements,,,,,,,,,,,,,,,,,,,,,,,,,,,,,,,,,,,,,92068,69613,,10204,,171885,24,28,0,6,0,,0,,,,,,,,,,6435
14-2649,2023,Country Hills,4215 W. 167th Street,Country Club Hills,60478,7,202694671,ISD Renal Inc AKA DSI Renal Inc,For Profit Corporation,Shilon Williams,Dr. Kenneth Cline,Stenstrom Company,2420 20th Street,"Rockford, IL 61108",,,,,,,,,,,,,,,,,,,,35,4,5,1,1,0,0,2,13,"1 - Biomed
1- Administrative Assistant",24,24,24,24,24,24,24,240,385,3,3,1,3,1,3,1,0,No,0,15,8,15,8,15,8,0,34,11,33,12,33,10,55,53,66,19,13,1,3,1,4,23,0,1,9,55,13,1,11,0,1,81,0,0,0,8,5,13,12,6,18,19,15,34,6,10,16,45,36,81,3,0,67,1,5,2,78,3,78,0,81,1/1/2023,12/31/2023,Review/Compilation of Financial Statements,"$12,499.80",,,,,,,,,,,,,,,,,,,,,,,,,,,,,,,,,,,0,769045.1,41836.17,1196015.2,1412078.67,,3418975.14,55,13,1,11,0,15840,1,,,,,,,,,,7817
14-2834,2023,Crystal Springs Dialysis,720 Cog Circle,Crystal Lake,60014,8,95-3372911,"Total Renal Care, Inc",For Profit Corporation,Stacia Riffe,Dr. Mandeep Gill,Satish Patel/APEX 720 LLC,1991 E. Higgins Road,"Elk Grove, IL 60007",,,,,,,,,,,,,,,,,,,,40,2,4,0.5,0.5,0,0,1.5,8.5,"Administrative Assistant
Facility Administrative 
BioMed",16,16,16,16,16,16,0,210,99,6,3,2,3,2,3,2,0,No,0,15,9,15,9,15,9,0,32,14,29,14,32,16,38,47,47,19,36,0,3,2,2,50,1,0,4,39,3,1,4,0,0,47,0,0,0,2,2,4,11,0,11,11,6,17,10,5,15,34,13,47,3,0,0,0,44,0,47,9,38,0,47,1/1/2023,12/31/2023,Audited Financial Statements,"$14,632.77",,,,,,,,,,,,,,,,,,,,,,,,,,,,,,,,,,,0,1231883.02,34452.43,726404.87,731310.26,,2724050.58,39,3,1,4,0,0,0,,,,,,,,,,6567
14-2728,2023,"Danville Dialysis Services, L.L.C.",910 W. Clay Street,Danville,61832,4,37-1393669,"Danville Dialysis Services, L.L.C.",Limited Liability Company,Rita Casner,Brijnandan S. Sodhi,Dr. & Mrs. Brijnandan S. Sodhi,3608 N. Vermilion St.,"Danville, IL  61832",,,,,,,,,,,,,,,,,,,,32,8,8,0,1,0,0,2,19,2 Receptionists,19,19,19,19,19,19,0,201,553,3,3,3,3,3,3,3,0,No,0,12,12,12,12,12,12,0,42,25,37,23,36,29,66,64,86,14,5,0,1,0,3,9,0,0,11,78,5,3,,,,86,0,0,0,4,6,10,12,15,27,7,20,27,7,15,22,30,56,86,0,0,27,,59,,86,2,84,,86,1/1/2023,12/31/2023,Review/Compilation of Financial Statements,"$37,127.70",,,,,,,,,,,,,,,,,,,,,,,,,,,,,,,,,,,0,1579204.24,21666,1893265.62,,,3494135.86,78,5,3,0,0,0,0,,,,,,,,,,10130
14-2575,2023,Davita - Irving Park Dialysis,"4323 N Pulaski Rd.,",Chicago,60641,6,95-3372911,"Total Renal Care - Davita, Inc.",For Profit Corporation,Jon Rey Donghit,"Daniel Roseman, MD","Clark Street Real Estate, LLC","980 N Michicagn Ave., Suite 1280","Chicago, IL 60611",,,,,,,,,,,,,,,,,,,,40,3,5,1,1,0,1,2,13,"1 - Group Facility Administrator who is a nurse
1 - Administrative Assistant
1 - Biomedical Technician",14,14,14,14,14,14,1,195,289,3,3,2,3,2,3,2,0,No,0,15,11,15,11,15,11,0,32,20,32,15,32,19,56,51,98,26,15,0,1,3,5,34,0,0,5,43,10,23,16,,6,98,0,0,0,9,7,16,23,15,38,15,10,25,11,8,19,58,40,98,21,0,23,0,54,0,98,43,55,0,98,1/1/2023,12/31/2023,Review/Compilation of Financial Statements,"$18,162.52",,,,,,,,,,,,,,,,,,,,,,,,,,,,,,,,,,,0,956289.61,169731.93,943792.87,1189086.15,,3258900.56,43,10,23,16,0,30240,6,,,,,,,,,,8202
14-2580,2023,Davita - Logan Square Dialysis,"2838 N Kimball Ave.,",Chicago,60618,6,95-3372911,"Total Renal Care - Davita, Inc.",For Profit Corporation,Jon Rey Donghit,"Daniel Roseman, MD",Dabiel Gross Marketing Partner,"800 Westchester Ave., Suite N641","Rye Brook, NY 10573",,,,,,,,,,,,,,,,,,,,40,4,8,1,1,0,2,1,17,"1 - Group Facility Administrator who is a nurse
1 - Administrative Assistant / Dialysis Technician
1 - Biomed Technician",28,28,28,28,28,28,1,195,1009,3,3,2,3,2,3,2,0,No,0,15,10,15,10,15,10,0,47,23,45,20,49,22,84,78,127,19,22,1,1,3,6,32,0,0,8,35,11,55,21,,5,127,0,0,0,18,9,27,37,15,52,22,11,33,9,6,15,86,41,127,5,0,34,0,88,0,127,82,45,0,127,1/1/2023,12/31/2023,Review/Compilation of Financial Statements,"$72,034.59",,,,,,,,,,,,,,,,,,,,,,,,,,,,,,,,,,,0,893198.14,341233.26,1476474.25,2220496,,4931401.65,35,11,55,21,0,72360,5,,,,,,,,,,11139
14-2620,2023,DaVita - Ogden Dialysis,"6001 W Ogden Ave.,",Cicero,60804,7,95-3372911,"Total Renal Care - DaVita, Inc.",For Profit Corporation,Erick Castro,"Arouna Senthilkumar, MD",National Shopping Plaza,"200 W Madison St., Suite 4200",Chicago IL 60606,,,,,,,,,,,,,,,,,,,,40,1,3,0.5,0.5,0,1,2,8,"1 - Facility Administrator
1 - Administrative Assistant
1 - Biomedical Technician",12,12,12,12,12,12,12,195,171,3,3,0,3,0,3,0,0,No,0,14,0,14,0,14,0,0,30,0,29,0,29,0,27,31,52,12,13,0,0,1,2,14,0,0,4,12,8,21,9,,2,52,0,0,0,6,8,14,12,14,26,2,5,7,1,4,5,21,31,52,4,0,14,0,34,0,52,38,14,0,52,1/1/2023,12/31/2023,Review/Compilation of Financial Statements,"$2,167.92",,,,,,,,,,,,,,,,,,,,,,,,,,,,,,,,,,,0,338699.26,183988.37,432367.49,654564.42,0,1609619.54,12,8,21,9,0,51840,2,,,,,,,,,,3768
14-2758,2023,DaVita  Whiteside,4406 East Lincolnway,Sterling,61081,1,23-2798598,Renal Treatments Center IL Inc,For Profit Corporation,Tasha O'Brien,Charlene Murdakes,First Midwest Group,6801 Spring Creek Rd.,"Rockford IL,61114",,,,,,,,,,,,,,,,,,,,30,3,6,0.5,0.5,0,1,0,11,AA (admission Assistant),16,16,16,16,16,16,0,225,192,3,3,1,3,1,3,1,,No,0,13,6,13,5,14,5,0,35,11,35,9,37,11,0,0,67,13,14,1,0,3,3,3,1,0,16,30,12,8,17,0,0,67,0,0,0,2,1,3,5,7,12,13,7,20,21,11,32,41,26,67,1,0,3,0,63,,67,7,60,0,67,1/1/2023,12/31/2022,Review/Compilation of Financial Statements,,,,,,,,,,,,,,,,,,,,,,,,,,,,,,,,,,,,,839561.65,1702.89,1157178.52,0,0,1998443.06,30,12,8,17,0,720,0,,,,,,,,,,6627
14-2829,2023,Davita Adams County,436 North 10th st.,Quincy,62301,3,62-1323090,DVA Renal Healthcare Inc.,For Profit Corporation,Tanya Jones,Hrishikesh Ghanekar,Blessing Health Systems,1005 Broadway,"Quincy, IL 62301",,,,,,,,,,,,,,,,,,,,40,6,13,0.5,0.5,0,1,2,23,"other health > F.A.
other non health > A.A., Biomed",19,19,19,19,19,19,1,210,938,3,3,2,3,2,3,2,0,No,0,15,12,15,12,15,12,0,44,34,44,32,45,32,75,89,128,43,7,1,0,0,0,21,5,0,17,108,11,3,5,0,1,128,0,0,0,7,4,11,29,17,46,28,14,42,13,16,29,77,51,128,0,0,15,0,113,,128,3,125,0,128,1/1/2023,12/31/2023,Review/Compilation of Financial Statements,$-,,,,,,,,,,,,,,,,,,,,,,,,,,,,,,,,,,,0,2365030.74,21536.44,1640088.1,1033357.36,0,5060012.64,108,11,3,5,0,10440,1,,,,,,,,,,10764
14-2718,2023,Davita Alton Dialysis,309 Homer M. Adams Parkway,Alton,62002,11,62002,"Davita Renal Healthcare, Inc.",For Profit Corporation,Anna Reinacher,Suresh Mathew,"Hauk Holdings, Inc.",4334 Glendale Milford Road,"Cinncinnati, OH 45242",,,,,,,,,,,,,,,,,,,,40,3,6,1,1,0,0,2,13,Facility Administrator; Biomedical Services Specialist,18,18,18,18,18,18,1,210,902,3,3,2,3,2,3,2,3,Off,,16,12,16,12,16,12,,29,17,25,16,28,15,32,35,105,4,3,0,0,5,0,0,0,0,13,79,15,2,9,0,0,105,0,0,0,4,7,11,24,16,40,20,13,33,9,12,21,57,48,105,0,0,31,0,73,1,105,1,104,0,105,1/1/2023,12/31/2023,Review/Compilation of Financial Statements,"$6,981.58",,,,,,,,,,,,,,,,,,,,,,,,,,,,,,,,,,,0,1492252,26994,1433510,1916227,0,4868983,79,15,2,9,0,0,0,,,,,,,,,,8464
14-2608,2023,Davita Beach Park Dialysis,3119 N. Lewis Ave,Waukegan,60087,8,82-749261,"Renal Treatment Center-Illinois, INC.",For Profit Corporation,Allan Navarro,Omar Dalloul,"Highland Property Group, LCC",3119 N. Lewis Ave,"Waukegan , IL 60087",,,,,,,,,,,,,,,,,,,,40,2,4,0.35,0.4,0,0,1,7.75,Biomed Technician for 0.25 and Administrative Assistant for 0.75,12,12,12,12,12,12,1,217,113,124,3,2,3,2,2,2,0,Off,0,15,9,15,9,15,9,0,29,10,28,9,29,11,37,43,61,19,4,0,1,0,2,8,0,0,2,35,9,4,9,0,4,61,0,0,0,6,1,7,18,10,28,13,6,19,2,5,7,39,22,61,3,0,16,0,42,0,61,35,26,0,61,1/1/2023,12/31/2023,Review/Compilation of Financial Statements,"$6,898.54",,,,,,,,,,,,,,,,,,,,,,,,,,,,,,,,,,,0,620820.15,86708.55,784731.35,1327273.26,0,2819533.31,35,9,4,9,0,63360,4,,,,,,,,,,5867
14-2746,2023,DaVita Beverly Dialysis,8109 S. Western Ave,Chicago,60620,6,20-1649898,"Renal Life Link, Inc",For Profit Corporation,Joshua Knight,James Rydel,Mazhar Butt,4542 W 95th Street,"Oak Lawn, IL 60453",,,,,,,,,,,,,,,,,,,,40,5,5,1,2,0,2,,15,"Biomed- 1 fulltime
AA- 1 fulltime",16,16,16,16,16,16,1,210,566,3,3,2,3,2,3,2,0,No,0,18,16,18,16,18,16,0,31,20,29,20,29,17,0,29,96,30,4,0,1,,1,19,2,2,9,40,50,1,5,0,0,96,0,0,0,12,3,15,18,17,35,19,10,29,3,14,17,52,44,96,0,0,89,0,2,5,96,5,91,0,96,1/1/2023,12/31/2023,Review/Compilation of Financial Statements,"$6,568.53",,,,,,,,,,,,,,,,,,,,,,,,,,,,,,,,,,,0,789137.2,3280.53,1497096.24,900536.08,0,3190050.05,40,50,1,5,0,0,0,,,,,,,,,,8037
14-2587,2023,DAVITA BRICKYARD DIALYSIS,2640 N. NARRAGANSETT AVE SUITE D8,Chicago,60639,6,82-3197667,"DUNKLINSON DIALYSIS, LLC",Limited Liability Company,Veronica Natividad,"DR. ANNA GOPANIUK-FOLGA,MD",RPAI CHICAGO BRICKYARD,2021 SPRING ROAD SUITE,"OAK BROOK, IL 60523",US MANAMEMENT,,,,"TOTAL RENAL CARE, INC",MANAGING MEMBER,90% MEMBERSHIP INTEREST,KIDNEY AND HYPERTENSION,MANAGING MEMBER,10% MEMBERSHIP INTEREST,CONSULTANTS,,,,,,,,,32,2,4,0.5,0.5,0,7,1,15,ADMINISTRATIVE ASSISTANT AND BIOMED TECHNICIAN INCLUDED IN THE OTHER NON-HEALTH RELATED PROFESSIONALS. NEPHROLOGIST INCLUDED IN THE OTHER HEALTH-RELATED PROFESSIONALS.,12,12,12,12,12,12,1,180,51,3,3,2,3,2,3,2,0,No,0,14,10,14,10,14,10,0,25,13,22,10,29,10,36,39,63,28,14,0,0,0,5,28,1,0,5,40,11,3,8,0,1,63,0,0,0,8,3,11,16,9,25,13,4,17,5,5,10,42,21,63,3,0,13,0,12,35,63,35,28,0,63,1/1/2023,12/31/2023,Review/Compilation of Financial Statements,"$2,812.60",,0,,,,0,,,,0,,,,0,,,,0,,,,0,,,,0,,,,0,,,0,0,0,581285.64,157494.25,808949.96,901488.19,0,2449218.04,40,11,3,8,0,13320,1,,,,,,,,,,5845
14-2768,2023,DaVita Buffalo Grove,1291 W. Dundee Rd.,Buffalo Grove,60089,7,61-1432627,"ISD Buffalo Grove, LLC",For Profit Corporation,Leimomi Lea M. Pacursa,Dr. George Hvostik,National Shopping Plaza,200 W Madison St. Suite 4200,"Chicago, IL 60606",,,,,NONE,,,,,,,,,,,,,,,35,3,5,7,1,0,3,1,20,,16,16,16,16,16,16,1,240,50,38,3,1,3,1,3,1,0,No,0,16,6,16,6,16,6,0,42,15,39,13,43,14,82,45,127,8,6,0,0,0,6,14,1,1,0,44,5,2,3,0,0,54,0,0,0,3,1,4,9,4,13,7,9,16,16,5,21,35,19,54,10,0,2,0,42,0,54,12,42,0,54,1/1/2023,12/31/2023,Audited Financial Statements,"$19,642.73",,,,,,,,,,,,,,,,,,,,,,,,,,,,,,,,,,,0,1171501.82,145317.1,999480.73,1138321.36,,3454621.01,44,5,2,3,0,36360,0,,,,,,,,,,8477
14-2528,2023,DaVita Calumet City Dialysis,1200 Sibley Blvd,Calumet City,60409,7,95-3372911,"Total Renal Care, Inc",Other For Profit,Arkeytta Johnson,"Jaime Baylock, MD",Engineer Property Group,200 Madison Street Suite 4200,"Chicago, IL 60606-3465",,,,,,,,,,,,,,,,,,,,30,3.3,7,1,1,0,1,2,15.3,"1. Other Health-related Professionals
     - 1 Full-time BioMed 

2. Other Non Health-related Professionals
     - 1 Full-time Facility Administrator (FA)
     - 1 Full-time Administrative Assistant (AA)",18,18,18,18,18,18,0,215,585,3,3,2,3,2,3,2,0,No,0,17,12,17,12,17,12,0,36,27,34,20,34,23,73,73,98,17,0,1,0,2,3,3,0,0,7,72,12,1,13,0,0,98,0,0,0,6,4,10,25,14,39,12,18,30,5,14,19,48,50,98,0,0,91,0,7,0,98,5,91,2,98,1/1/2023,12/31/2023,Review/Compilation of Financial Statements,"$39,510.60",,,,,,,,,,,,,,,,,,,,,,,,,,,,,,,,,,,0,1084855.61,43561.82,1741581.08,1483244,0,4353242.51,72,12,1,13,0,8640,0,,,,,,,,,,"9,673"
14-2740,2023,DaVita Chicago Heights,177B W. Joe Orr Rd,Chicago Heights,60411,7,20-1252883,Limited Liability Company Mantanky,Limited Liability Company,Colandra Knight,Dr. Preeti Nagarkatte,Mantanky Reality,177B W. Joe Orr Rd,"Chicago Heights, Ill 60411",,,,,,,,,,,,,,,,,,,,40,1,3,0,1,0,2,0,7,"Administrative Assistant
Biomed",16,16,16,16,16,16,0,240,240,3,2,1,2,1,2,1,0,No,0,10,5,10,5,10,5,0,22,8,21,8,22,7,0,17,45,11,14,1,0,1,1,4,0,0,0,32,7,0,6,0,0,45,,,0,0,5,5,11,3,14,9,7,16,7,3,10,27,18,45,,,38,,7,,45,5,40,,45,1/1/2023,12/31/2023,Review/Compilation of Financial Statements,"$26,442.10",,,,,,,,,,,,,,,,,,,,,,,,,,,,,,,,,,,,358604.92,29929.7,990647.51,511678.36,,1890860.49,32,7,0,6,0,0,0,,,,,,,,,,4402
14-2864,2023,DaVita Driftwood,1808 S. West Ave,Freeport,61032,1,45-2722878,Freeport Bay Dialysis,Other For Profit,Denise Kline,Dr. John Maynard,"Andersen, Jung and Co. (Eric Huang)",2131 19th Ave,"San Francisco, CA 94116",,,,,,,,,,,,,,,,,,,,40,1.5,2.65,0.5,0.5,0,1,0,6.15,"0.5 Biomed and 0.5 AA
There are other individuals employed as PRN or float, total employees are 10, but above reflects actual FTE hours worked in this time period.",12,12,12,12,12,12,1,311,497,3,3,1,3,1,3,1,0,No,0,11,5.5,11,5.5,11,5.5,0,22,9,19,10,22,9,40,34,80,14,18,0,2,0,2,19,0,1,11,63,6,3,8,0,0,80,0,0,0,4,5,9,23,11,34,15,6,21,10,6,16,52,28,80,1,0,23,0,54,2,80,2,78,0,80,1/1/2023,12/31/2023,Review/Compilation of Financial Statements,"$175,781.47",,,,,,,,,,,,,,,,,,,,,,,,,,,,,,,,,,,0,404834.83,11897.14,1363339.95,675063.11,,2455135.03,63,6,3,8,0,0,0,,,,,,,,,,5416
14-2577,2023,DaVita Edgemont,8 Vieux Carre Dr.,East St. Louis,62203,11,953372911,Total Renal Care,For Profit Corporation,Bethany Richards,Felica Bentley,Inner CIty Enhancement Neighborhood D,205 Lake Ridge Dr.,"Collinsville, IL 62234",,,,,,,,,,,,,,,,,,,,40,3,9,0,0,0,0,0.5,12.5,Biomed,12,12,12,12,12,12,1,210,649,2,2,2,2,2,2,2,2,No,12,12,12,12,12,12,12,0,19,19,20,19,21,20,42,43,74,11,10,0,0,2,0,17,1,0,10,54,12,4,4,0,0,74,0,0,0,9,7,16,20,9,29,8,10,18,7,4,11,44,30,74,1,0,59,0,10,4,74,4,70,0,74,1/1/2023,12/31/2023,Review/Compilation of Financial Statements,"$12,885.94",,,,,,,,,,,,,,,,,,,,,,,,,,,,,,,,,,,,554619.09,60103.35,1196909.76,249382.15,0,2061014.35,54,12,4,4,0,0,0,,,,,,,,,,5970
14-2537,2023,Davita Emerald Dialysis,710 W. 43rd Street,Chicago,60609,6,35-3372911,,For Profit Corporation,Ashley Frias,Dr. Arouna Senthilkumar,J & D Property Ventures,4660 S. Halsted,"Chicago, IL 60609",,,,,,,,,,,,,,,,,,,,40,2,5,1,1,0,0,3,12,"Total- 12.00

1- Biomed
1- FA
1- AA",24,24,24,24,24,24,0,3.53,697,3,3,0,3,0,3,0,0,No,0,15,0,15,0,15,0,0,34,0,32,0,36,0,23,26,62,24,0,1,1,2,1,4,0,0,8,34,21,2,4,0,1,62,0,0,0,3,2,5,18,13,31,9,6,15,5,6,11,35,27,62,1,0,43,1,13,4,62,9,53,0,62,1/1/2023,12/31/2023,Review/Compilation of Financial Statements,"$226,148.24",,,,,,,,,,,,,,,,,,,,,,,,,,,,,,,,,,,0,643192.28,21509.16,978567.9,531279.25,0,2174548.59,34,21,2,4,0,2880,1,,,,,,,,,,4847
14-2822,2023,DaVita Evanston Renal Center,1922 Dempster St.,Evanston,60202,7,20-2694671,Total Renal Care - DaVita Inc,For Profit Corporation,Dana Galic,Liliana Osadchuk,Schwab Realty & Development,641 Wilke Rd.,"Arlington Heights, IL 60005",,,,,"ISD Renal, Inc",Ownership,Profit Corporation,,,,,,,,,,,,,40,4,7.5,1,1,0,1,0,14.5,Facility Administrator is a Licensed Dietitian Nutritionist/Registered Dietitian who does not actively work as the facility's RD.,22,22,22,22,22,22,22,201,305,6,3,3,3,3,3,3,0,No,0,14,14,14,14,14,14,0,42,39,39,33,46,33,89,85,121,25,9,2,0,4,1,16,0,0,15,83,18,2,17,0,1,121,0,0,0,8,5,13,26,13,39,23,14,37,18,14,32,75,46,121,17,0,44,0,54,6,121,21,100,0,121,1/1/2023,12/31/2023,Review/Compilation of Financial Statements,"$95,252.00",,,,,,,,,,,,,,,,,,,,,,,,,,,,,,,,,,,0,1682608,217366,1218667,1844894,,4963535,83,18,2,17,0,47520,1,,,,,,,,,,10624
14-2540,2023,Davita Forest City Dialysis,198 N. Springfield Avenue,Rockford,61101,1,81-1269053,Total Renal Care c/o Davita HCP,For Profit Corporation,Rachel Schwarz,"Charlene Murdakes, MD","DYN Community Holdings, LLC",6801 Springcreek Road,"Rockford, IL 61114",c/o First Midwest Group,,,,"Machesney Bay, LLC",JV Partner,Financial,,,,,,,,,,,,,30,1,3,0.5,0.5,0,0.5,0.5,6,"Other Helath-Related Professionals: Facility Administrator
Other Non Health-Related Professionals: Administrative Assistant",16,16,16,16,16,16,1,210,463,2,2,0,2,0,2,0,0,No,0,12,0,12,0,120,0,0,22,0,20,0,22,0,31,29,51,19,0,0,1,0,3,12,1,0,6,33,13,0,4,0,1,51,0,0,0,6,4,10,16,5,21,7,2,9,5,6,11,34,17,51,1,0,24,0,26,0,51,10,41,0,51,1/1/2023,12/31/2023,Review/Compilation of Financial Statements,"$6,908.11",,,,,,,,,,,,,,,,,,,,,,,,,,,,,,,,,,,0,468807,50944,639634,316976,5040,1481401,33,13,0,4,0,5040,1,,,,,,,,,,4033
14-2826,2023,Davita Harvey,16641 S. Halsted,Harvey,60426,7,95-3372911,"Total Renal Care, INC",Other For Profit,Ree Clay,Dr. Ankur Sharma,Yousef Muslen,921 Broadway,"Gary, IN 46402",,,,,,,,,,,,,,,,,,,,30,2,4,0.4,0.2,0,1,1,8.6,"!. Admin. Asst.
2. Biomed",18,18,18,18,18,18,0,220,451,3,3,0,3,0,3,0,0,No,0,15,0,15,0,15,0,0,29,0,30,0,33,0,0,27,17,17,5,1,0,1,0,10,0,0,0,43,16,0,7,0,1,67,0,0,0,5,0,5,24,11,35,9,9,18,5,4,9,43,24,67,0,0,61,0,6,0,67,6,61,0,67,1/1/2022,12/31/2023,Review/Compilation of Financial Statements,"$12,713.07",,,,,,,,,,,,,,,,,,,,,,,,,,,,,,,,,,,0,369939.2,50738.02,1054629.03,286235.34,0,1761541.59,43,16,0,7,0,720,1,,,,,,,,,,4613
14-2721,2023,DaVita Hazel Crest,3470 W 183rd St,Hazel Crest,60429,7,20269471,ISK Renal Inc.AKA DSI Renal Inc,For Profit Corporation,Colandra Knight,Dr. Daniel Yohay,Resolution Property Services,230 W. Monroe St. Suite 100,Chicago Illinois 60630,,,,,,,,,,,,,,,,,,,,40,4,6,1,1,0,2,0,14,"Administrative Assistant
Biomed",20,20,20,20,20,20,0,240,147,4,4,1,4,1,4,1,0,Yes,0,19,10,19,10,19,10,0,39,10,33,11,36,12,57,58,74,20,18,0,0,1,2,37,0,0,3,56,9,4,10,0,0,79,0,0,0,8,3,11,19,14,33,6,6,12,13,10,23,46,33,79,0,0,67,0,12,0,79,6,73,0,79,1/1/2023,12/31/2023,Review/Compilation of Financial Statements,"$312,876.28",,,,,,,,,,,,,,,,,,,,,,,,,,,,,,,,,,,,1018289.25,60044.73,1026105.37,1453319.51,,3557758.86,56,9,4,10,0,6840,0,,,,,,,,,,7885
14-2544,2023,Davita Huntley Dialysis,"10370 Haligus Rd., Suite 100",Huntley,60142,8,47-5223578,Rhodes Dialysis LLC,Limited Liability Company,Kristine Isa Marie Cruz,Amit Arora,Healthcare Realty,"3000 N. Halsted St., Ste 725","Chicago, IL 60657",,,,,none,,,,,,,,,,,,,,,40,3,4,0.5,0.25,0,0,1,8.75,Other Non-Health Related Professionals are the Administrative Assistant and the Biomed.,14,14,14,14,14,14,0,210,89,3,3,2,3,2,3,2,0,Off,0,14,7,14,7,14,7,0,32,7,32,8,30,7,43,39,102,24,31,1,0,0,4,47,4,1,9,80,4,1,15,0,2,102,0,0,0,4,3,7,11,8,19,17,7,24,28,24,52,60,42,102,9,0,1,0,92,0,102,16,86,0,102,1/1/2023,12/31/2023,Review/Compilation of Financial Statements,"$7,598.60",,,,,,,,,,,,,,,,,,,,,,,,,,,,,,,,,,,0,1026392.02,31991.32,473724.24,960831,0,2492938.58,80,4,1,15,0,4680,2,,,,,,,,,,6098
14-2582,2023,Davita Kankakee River Dialysis,455 West Court Dtreet Suite 100,Kankakee,60901,9,23-2798598,Renal Treatment Centers-Illinois,For Profit Corporation,Christine Butler,Dr. Hizon,"Presence Properties, INV",5747 W. Dempster Street Suite 200,"Morton Grove,Illinois 60053",Presence Health Properties,,,Management,,,,,,,,,,,,,,,,40,6,7,1,1,0,1,1,17,"Other Health-related Professional: Administrative Assistant
Other Non Health-related Professionals: Biomedical Technician",24,24,24,24,20,0,0,240,0,0,3,2,3,2,3,2,0,No,0,15,11,15,11,15,11,0,33,17,29,18,30,18,49,61,80,31,3,0,0,0,0,10,1,0,7,69,11,0,0,0,0,80,0,0,0,5,3,8,17,6,23,17,9,26,11,12,23,50,30,80,1,1,39,0,36,3,80,2,75,3,80,01/0123,12/31/2023,Review/Compilation of Financial Statements,"$72,034.59",,,,,,,,,,,,,,,,,,,,,,,,,,,,,,,,,,,,341233.2,893198.14,147474.25,222049,,1603954.59,69,11,0,0,0,72360,0,,,,,,,,,,
14-2634,2023,Davita Kenwood,4259 S. Cottage Grove,Chicago,60653,6,953372911,"Total Renal Care, INC",For Profit Corporation,Ree Clay,Dr. Bhrathi Reddy,Bob Ernest,"4259 S, Cottage","Chicago, Illinois 60653",,,,,,,,,,,,,,,,,,,,30,2,2,0.2,0.2,0,1,1,6.4,"1. Admin Asst.
2. Biomed",0,0,32,32,8,3,0,210,16,2,0,2,0,2,0,2,0,No,0,0,6,0,6,0,6,0,0,3,0,3,0,3,0,0,11,11,0,0,0,0,0,0,0,0,0,9,0,0,2,0,0,11,0,0,0,1,0,1,4,0,4,0,3,3,2,1,3,7,4,11,1,0,10,0,0,0,11,0,11,0,11,1/1/2023,12/31/2023,Review/Compilation of Financial Statements,$880.83,,,,,,,,,,,,,,,,,,,,,,,,,,,,,,,,,,,0,79540.2,0,4020.59,88294.25,0,171855.04,9,0,0,2,0,0,0,,,,,,,,,,391
14-2813,2023,Davita Lake Villa Dialysis,37809 N. Il Rte 59,Lake Villa,60046,8,23-2798598,"Renal Treatment Center-Illinois, INC",For Profit Corporation,Allan Navarro,Omar Dalloul,Omar Dalloul,37809 N. Il Rte 59,Lake Villa,,,,,,,,,,,,,,,,,,,,40,2.5,6,0.5,0.5,0,0,1.25,10.75,1 FTE ( Administrative Assistant) Biomed Tech 0.25,12,12,12,12,12,12,0,218,137,6,3,3,3,3,3,3,0,No,0,14,14,14,14,14,14,0,23,23,22,26,25,24,59,57,82,16,5,0,2,0,3,2,14,0,6,61,3,2,13,0,3,82,0,0,0,1,3,4,24,19,43,10,4,14,9,12,21,44,38,82,6,0,5,0,71,0,82,18,64,0,82,1/1/2023,12/31/2024,Review/Compilation of Financial Statements,"$658,289.62",Facility Renovation and New RO,658289.62,,,system.,,,,,,,,,,,,,,,,,,,,,,,,,,,,,,0,1259428.87,40257.79,1042055.03,1132336.29,0,3474077.98,61,3,2,13,0,15840,3,,,,,,,,,,7683
14-2878,2023,DaVita Lawndale Dialysis,3934 W. 24th St.,Chicago,60623,6,200932,Cowell Dialysis,Limited Liability Partnership,Ma.Franchette Ipapo Maneja,Dr.Ogbonnaya Aneziokoro,SDO Development,1149 W. 17th St.,"Homewood, IL 60430",,,,,,,,,,,,,,,,,,,,40,4,8,1,1,0,0,2,16,Administrative Assistant and Biomed,16,16,16,16,16,16,1,210,548,7,4,3,4,3,4,3,0,No,0,19,15,19,15,19,15,0,37,25,34,23,39,22,84,71,121,15,21,1,0,0,6,36,0,0,8,63,8,30,19,0,1,121,0,0,0,12,7,19,48,27,75,14,5,19,6,2,8,80,41,121,0,0,45,0,76,0,121,71,50,0,121,1/1/2023,12/31/2023,Review/Compilation of Financial Statements,"$9,908.60",,,,,,,,,,,,,,,,,,,,,,,,,,,,,,,,,,,0,"929737,11",263372.87,1691484.85,1717634.16,0,933409502.9,63,8,30,19,0,19080,1,,,,,,,,,,11102
14-2316,2023,DaVita Lincoln Park Dialysis,2484 N. Elston Ave.,Chicago,60647,6,36-319-1860,"Lincoln Park Dialysis Service, Inc",For Profit Corporation,Dana Galic,Dr. Melvin K. Roseman,Chicago Title Land Trust Company,3611 N. Kedzie Ave.,Chicago IL 60618,,,,,DaVita,Ownership,For Profit,,,,,,,,,,,,,40,2,6,0.5,0.5,0,1,1,11,"Health-Related Professional: Facility Administrator is Licensed/Registered Dietitian but does not work as the Facility Dietitian.
Non-Health Professional: Administrative Assistant",25,25,25,25,25,16,1,201,328,3,3,3,3,3,3,3,0,No,0,14,13,14,13,14,13,0,30,20,28,21,29,21,60,54,111,21,23,0,0,2,7,17,1,1,9,66,21,3,20,0,1,111,0,0,0,12,9,21,24,14,38,13,16,29,16,7,23,65,46,111,12,0,48,0,51,0,111,21,90,,111,1/1/2023,12/31/2023,,"$10,782.83",,,,,,,,,,,,,,,,,,,,,,,,,,,,,,,,,,,0,723930.26,124260.25,1290690.25,1522666.25,0,3661547.01,66,21,3,20,0,1080,1,,,,,,,,,,8061
14-2814,2023,DaVita Little Village,2335 W. Cermak Rd.,Chicago,60608,6,23-2798589,Renal Treatment Centers,For Profit Corporation,Ma.Franchette Ipapo-Maneja,Dr.Ogbonnaya Aneziokoro,"Crystal Realty, Co.",40 Lakeview Drive,"Barrington, IL 60010",,,,,Renal Treatment Centers,Ownership,For Profit Corporation,,,,,,,,,,,,,40,3,6,1,1,0,0,1,12,Non Health-related Professional - Administrative Assistant,16,16,16,16,16,16,0,210,230,6,3,3,3,3,3,3,0,No,0,14,14,14,14,14,14,0,34,32,30,31,34,32,65,68,132,28,39,0,0,1,6,56,0,0,2,70,36,3,21,0,2,132,0,0,0,15,5,20,34,20,54,20,20,40,11,7,18,80,52,132,2,0,41,0,89,0,132,84,48,,132,1/1/2023,12/31/2023,Review/Compilation of Financial Statements,"$17,972.82",,,,,,,,,,,,,,,,,,,,,,,,,,,,,,,,,,,0,997988.26,360030.48,1212360.43,1354258.36,0,3924637.53,70,36,3,21,0,38160,2,,,,,,,,,,"9,953"
14-2662,2023,DaVita Macon County,1090 W McKinley Avenue,Decatur,62526,4,62-1323090,"DVA Renal Healthcare, Inc.",For Profit Corporation,Tonya Peters,Dr Mohammad Hasnain,NOVASA LLC,1401 Quail St #105,"Newport Beach, California 92660",,,,,,,,,,,,,,,,,,,,40,2,5.375,0.6,0.7,0,1,2,11.675,"Other Health-related Professionals - Facility Administrator
Other Non Health-related Professionals - BioMed Technician, Administrative Assistant",23,23,23,23,23,23,1,240,620,2,2,2,2,2,2,2,0,No,0,11,11,11,11,11,11,0,32,33,31,29,33,32,66,70,101,29,6,0,0,0,1,15,3,0,12,86,1,2,10,0,2,101,0,0,0,13,3,16,19,12,31,16,11,27,15,12,27,63,38,101,1,0,47,0,53,,101,4,97,0,101,1/1/2023,12/31/2023,Review/Compilation of Financial Statements,"$307,902.85",,,,,,,,,,,,,,,,,,,,,,,,,,,,,,,,,,,0,1244026.52,38699.22,1418876.27,1588415.31,0,4290017.32,86,1,2,10,0,24120,2,,,,,,,,,,9298
14-2865,2023,DaVita Metro East #01720,5105 West Main,Belleville,62226,11,20-1649898,"Renal LifeLink, Inc",For Profit Corporation,Crystal Hill,"Rashid Dalal, MD",Realy Income Corporation,11995 EL Camino Real,"San Diego, CA 92130",,,,,,,,,,,,,,,,,,,,40,5,10,1,1,0,0,2.5,19.5,,34,34,34,34,34,34,0,210,"1,257",2,2,2,2,2,2,2,0,No,0,12,12,12,12,12,12,0,55,38,53,38,56,33,115,108,165,47,5,2,1,2,0,22,0,0,13,115,20,8,19,0,3,165,0,0,0,12,12,24,51,30,81,28,14,42,10,8,18,101,64,165,1,0,126,0,36,2,165,2,163,0,165,1/1/2023,12/31/2023,Review/Compilation of Financial Statements,"$23,077.26",,,,,,,,,,,,,,,,,,,,,,,,,,,,,,,,,,,0,1786925.79,100016.95,3327498.98,2523307.05,0,7737748.77,115,20,8,19,0,28956,3,,,,,,,,,,"14,216"
14-2858,2023,DaVita Morris,1551 Creek Drive,Morris,60450,9,95-3372911,Total Renal Care,For Profit Corporation,Catherine Tidball,Ankur Sharma,Keith Jaeschke,8675 Lisbon Rd,"Morris, IL 60450",,,,,,,,,,,,,,,,,,,,40,2,4,1,1,0,0,0,8,,9,9,9,9,9,9,0,210,121,2,2,2,2,2,2,2,0,No,0,12,12,12,12,12,12,0,17,14,17,16,16,16,36,31,56,25,3,7,0,0,2,16,9,0,6,42,8,1,5,0,0,56,0,0,0,3,1,4,14,4,18,8,7,15,12,7,19,37,19,56,0,0,3,0,53,0,56,6,50,0,56,1/1/2023,12/31/2023,Review/Compilation of Financial Statements,"$21,918.49",,,,,,,,,,,,,,,,,,,,,,,,,,,,,,,,,,,0,857608.09,8340.62,495961.58,257795,0,1619705.29,42,8,1,5,0,0,0,,,,,,,,,,4505
14-2600,2023,Davita Oak Meadows,5020 W. 95th Street,Oak Lawn,60453,7,82-3738636,Total Renal Care,For Profit Corporation,Allison Macarol,Dr. Sreya Pallath,"MIR PMG, LLC",2600 S. Douglas Rd Ste 800,"Coral Gables, FL 33134",,,,,Tania Sirgo,Property Manager,Landlord,,,,,,,,,,,,,40,1,4,0.5,0.5,0,1,1,8,"other health-related professionals - Facility Administrator 
other non health related professionals- Bio Med





For SECTION I: Census dropped due to COVID-19 cohort dropped as of Jan 2023 at this facility.",12,12,12,12,12,12,0,210,75,3,3,0,3,0,3,0,0,No,0,15,0,15,0,15,0,0,26,0,25,0,27,0,0,21,45,16,2,1,1,2,1,7,0,0,4,33,0,5,7,0,0,45,0,0,0,1,1,2,5,11,16,7,8,15,6,6,12,19,26,45,0,0,24,0,21,0,45,10,35,0,45,1/1/2023,12/31/2023,Review/Compilation of Financial Statements,"$9,324.00",,,,,,,,,,,,,,,,,,,,,,,,,,,,,,,,,,,0,618429,0,610682,729444,0,1958555,33,0,5,7,0,0,0,,,,,,,,,,3878
14-2529,2023,Davita O'Fallon,"1941 Frank Scott Parkway, Suite B",Shiloh,62269,11,,,For Profit Corporation,Tracy Doht,Bassim Assioun,Kunkel Commercial Group,784 Wall Street,"O'Fallon, IL 62269",,,,,,,,,,,,,,,,,,,,40,3,5,0.5,0.5,0,0,0,9,"1 Administrative Assistant
1 Biomed",12,12,16,16,16,12,1,210,477,3,3,2,3,2,3,2,0,No,0,15,12,15,12,15,12,0,28,17,27,16,25,17,36,55,76,24,1,0,0,0,1,10,1,1,4,62,0,3,11,0,0,76,0,0,0,4,0,4,17,16,33,17,12,29,9,1,10,47,29,76,0,0,41,0,34,1,76,1,75,,76,1/1/2023,12/31/2023,Review/Compilation of Financial Statements,"$6,981.58",,,,,,,,,,,,,,,,,,,,,,,,,,,,,,,,,,,,990953.59,0,952382.37,897384.07,0,2840720.03,62,0,3,11,0,0,0,,,,,,,,,,6906
14-2639,2023,DaVita Olympia Fields,4557 Lincoln Highway,Matteson,60443,7,95-3372911,Total Renal Care,For Profit Corporation,Gregory Pitts,MOHAMMAD BARAKAT,LIBERTY PLAZA,11 EAST MADISON,"CHICAGO, IL 60602",,,,,TOTAL RENAL CARE,OWNER,WHOLLY OWNED,,,,,,,,,,,,,424,2.5,7,0.5,0.5,0,0,2,12.5,"FACILITY ADMINISTRATOR
ADMINISTRATIVE ASSISTANT",24,24,24,24,24,24,0,230,448,2,3,2,3,2,3,2,0,No,0,19,14,19,14,19,14,0,31,25,28,24,30,27,58,56,87,28,5,0,2,1,2,28,0,0,6,71,4,3,6,0,3,87,0,0,0,5,2,7,20,18,38,14,14,28,5,9,14,44,43,87,0,0,79,0,4,,83,4,0,0,4,1/1/2023,12/31/2023,Review/Compilation of Financial Statements,"$45,581.00",,,,,,,,,,,,,,,,,,,,,,,,,,,,,,,,,,,0,956676,3114,1477795,611862,0,3049447,71,4,3,6,0,31320,3,,,,,,,,,,8417
14-2553,2023,DaVita Park Manor,9505 S Colfax Ave.,Chicago,60617,6,60617,"Total Renal Care, Inc",For Profit Corporation,Ashley Frias,"Dr. Rita McGill, MD",Philip De Carion,9505 S Colffax Ave.,"Chicago, IL 60617",,,,,University of Chicago,JV Partner,JV,,,,,,,,,,,,,40,3,7,1,1,0,1,2,15,"1- Other Health- Facility Administrator
2- Other Non Health- Administrative Assistant & Biomed",16,16,16,16,16,16,1,3,580,3,3,2,3,2,3,2,0,No,0,15,11,15,11,15,11,0,35,19,32,16,36,19,70,68,108,36,7,0,0,2,4,16,0,0,11,84,14,,9,,1,108,0,0,0,6,5,11,24,15,39,22,9,31,13,14,27,65,43,108,0,0,100,,8,0,108,7,101,,108,1/1/2023,12/31/2023,Review/Compilation of Financial Statements,"$15,312.10",,,,,,,,,,,,,,,,,,,,,,,,,,,,,,,,,,,,1460935.87,52957.14,1195793.94,979758,,3689444.95,84,14,0,9,0,28800,1,,,,,,,,,,8886
14-2755,2023,DaVita Rockford Dialysis,3339 N. Rockton Avenue,Rockford,61103,1,23-2798598,DaVita,For Profit Corporation,Mary Blake,Krishna Sankaran,Redina Healthcare,"2024 W. 15th Street, Ste. F #355","Plano, Texas 75075",,,,,Stenstrom Corp,Property Management,,,,,,,,,,,,,,40,3.5,6,1,1,0,0,2,13.5,"Administrative Assistant
Biomedical Technician",22,22,22,22,22,22,1,210,1071,3,3,2,3,2,3,2,0,Off,0,13,8,13,8,13,8,0,44,13,45,10,45,12,56,66,109,61,9,0,0,2,2,34,2,5,5,72,22,2,13,0,0,109,0,0,0,9,5,14,30,19,49,16,16,32,6,8,14,61,48,109,0,0,52,1,45,11,109,11,98,0,109,1/1/2023,12/31/2023,Review/Compilation of Financial Statements,"$23,767.95",,,,,,,,,,,,,,,,,,,,,,,,,,,,,,,,,,,0,825554.82,69724.75,1301291.79,980374.66,0,3176946.02,72,22,2,13,0,720,0,,,,,,,,,,8088
14-2719,2023,Davita Rushville,112 Sullivan Drive,Rushville,62681,3,62-1323090,DVA Renal Healthcare Inc.,For Profit Corporation,Tanya Jones,Muhammad K. Qaseem,,,,,,,,,,,,,,,,,,,,,,,36,2,2,1,1,,0,1,7,Biomed,8,8,8,8,8,8,1,210,65,2,2,0,2,0,2,0,0,No,0,10,0,10,0,10,0,0,21,0,15,0,21,0,24,24,35,10,1,0,0,1,0,4,2,0,1,28,0,1,6,0,0,35,0,0,0,3,0,3,8,5,13,8,3,11,4,4,8,23,12,35,0,0,1,0,34,0,35,4,31,0,35,1/1/2023,12/3/2023,Review/Compilation of Financial Statements,$-,,,,,,,,,,,,,,,,,,,,,,,,,,,,,,,,,,,0,414387.53,0,444213.5,311789.06,0,1170390.09,28,0,1,6,0,36360,0,,,,,,,,,,2352
14-2647,2023,Davita Sauget,2061 Gooselake Rd,Sauget,62206,11,23-2798598,"Renal Treatment Centers Illinois , Inc",For Profit Corporation,Jennifer Monk,Dr Usman,Union Planters Trust,1301 Walnut st,Murphysboro,,,,,,,,,,,,,,,,,,,,40,3,5,1,1,0,0,1,11,,20,22,22,22,22,20,20,180,439,3,3,,3,,3,,,No,,16,,16,,16,,,42,,42,,42,,50,46,0,11,14,0,0,1,0,18,1,0,0,,,,,,,0,,,0,,,0,,,0,,,0,,,0,0,0,0,0,0,,0,,,0,,,,0,1/1/2023,1/31/2023,Review/Compilation of Financial Statements,"$9,140,978.00",,,,,,,,,,,,,,,,,,,,,,,,,,,,,,,,,,,0,56043.05,5943957,142033977,43673866,,191707843.1,0,0,0,0,0,0,0,,,,,,,,,,6564
14-2795,2023,DAVITA SCHAUMBURG RENAL CARE,1156 S ROSELLA ROAD,Schaumberg,60193,7,32-0080776,,For Profit Corporation,VICTORIA SMITH,M OHAMMED SHAKALB,TARGO MANAGEMENT,1156 S ROSELLA ROAD,"SCHAUMBURG, IL 60193",,,,,DAVITA KIDNEY CARE,,,,,,,,,,,,,,,40,2,6,1,1,0,1,1.5,12.5,,22,22,22,22,18,18,1,210,83,3,3,1,3,1,3,1,,Off,0,15.5,5.5,15.5,5.5,15.5,5.5,0,26,7,23,8,24,9,50,45,94,15,27,0,1,0,0,15,1,0,5,67,16,2,7,0,2,94,0,0,0,5,4,9,26,14,40,7,7,14,25,1,26,63,26,89,18,0,13,0,63,,94,21,73,0,94,1/1/2023,12/31/2023,,"$12,308.12",,,,,,,,,,,,,,,,,,,,,,,,,,,,,,,,,,,,825323.24,56163.7,979855,520787,0,2382128.94,67,16,2,7,0,16200,2,,,,,,,,,,6537
14-2638,2023,DaVita South Holland Renal Center,16110 S. LaSalle Street,South Holland,60473,7,20-2694671,"Total Renal Care, INC",For Profit Corporation,Carolyn Salus,Dr. Kenneth Cline Medical Director,Genesis KC Development LLC,2000 16 th Street,Denver CO 80202,,,,,,,,,,,,,,,,,,,,37.5,6,12,1,1,0,1,2,23,"Other Health Related Professionals- Biomed Technician

Other Non Health-Related Professionals- Facility Administrator and Administrative Assistant",27,27,27,27,24,24,1,224,1137,3,3,3,3,3,3,3,0,No,0,18.5,18.5,18.5,18.5,18.5,18.5,0,48,32,45,29,45,29,107,97,141,28,4,1,1,1,5,20,0,0,18,102,17,2,19,0,1,141,0,0,0,10,8,18,37,24,61,24,11,35,19,8,27,90,51,141,0,0,128,0,9,0,137,4,0,0,4,1/1/2023,12/31/2023,Review/Compilation of Financial Statements,"$71,220.55",,,,,,,,,,,,,,,,,,,,,,,,,,,,,,,,,,,0,1701484.6,53864.53,2142200.06,2257118.06,0,6154667.25,102,17,2,19,0,6840,1,,,,,,,,,,12366
14-2797,2023,Davita Stony Creek Dialysis,6246 W. 95th Street,Oak Lawn,60453,7,20-1649898,"Renal Life Link, INC",For Profit Corporation,Tameka Wood,"James Rydel, MD",Shopps Of Oak Lawn LLC,4539 N. Sheridan Rd.,Chicago IL 60640,4151 Sheridan Ventures LTD,4541 N. Sheridan Rd.,Chicago IL 60640,,,,,,,,,,,,,,,,,40,2,5,1,1,0,1,2,12,Administrative Assistant  and Biomed Non Clinical,16,16,16,16,15,15,0,210,185,3,3,2,3,2,3,2,0,No,0,16,12,16,12,16,12,0,28,16,29,16,30,18,48,47,77,24,13,1,2,1,2,23,1,1,9,58,8,1,10,0,0,77,0,0,0,3,3,6,17,7,24,9,5,14,13,20,33,42,35,77,3,0,11,0,63,0,77,12,65,0,77,1/1/2023,12/31/2023,Review/Compilation of Financial Statements,,,,,,,,,,,,,,,,,,,,,,,,,,,,,,,,,,,,,1005715.43,78589.26,856604.66,678283.07,,2619192.42,58,8,1,10,0,0,0,,,,,,,,,,6989
14-2643,2023,Davita Sun Health,2121 Oneida St Suite 104,Joliet,60435,9,82-1391669,"Secour Dialysis, LLC",For Profit Corporation,Catherine Tidball,Beata Kisiel,First Secure Community Bank of Joliet,2398 Essington Road,"Joliet, IL 60435",,,,,DULY Medical Group,,,Sun Nephrology,,,,,,,,,,,,40,6,6,1,1,0,0,0,14,,16,16,16,16,16,16,1,7097,210,160,2,2,2,2,2,2,0,No,0,14,12,14,12,14,12,0,30,12,28,12,28,14,54,44,65,14,8,3,0,2,2,20,3,0,8,51,5,3,6,0,0,65,0,0,0,2,1,3,11,7,18,16,10,26,7,11,18,36,29,65,4,1,24,0,36,0,65,11,54,0,65,1/1/2023,12/31/2023,Review/Compilation of Financial Statements,"$9,241.03",,,,,,,,,,,,,,,,,,,,,,,,,,,,,,,,,,,0,757077.13,35904.53,1256649.34,724671.39,0,2774302.39,51,5,3,6,0,0,0,,,,,,,,,,
14-2747,2023,Davita Sycamore,2200 Gateway Drive,Sycamore,60178,1,68-0555153,"Dialysis of Northern Illinois, LLC",Limited Liability Company,Ashley Preston,Bindu Pavithran,Patricia Denarde,831 Walnut Ave,"Burlington, CA",,,,,Rockford Nephrology,JV Partner,Ownership Interest,,,,,,,,,,,,,30,2,7,1,1,0,2,0,13,Other Health-Related Professionals: Facility Administrator and Administrative Assistant,14,14,14,14,14,14,0,220,521,2,2,2,2,2,2,2,2,No,0,13,15,13,12,13,12,0,25,22,24,19,25,22,58,45,89,21,9,0,0,5,2,23,10,0,6,66,9,2,12,0,0,89,0,0,0,5,3,8,25,10,35,11,10,21,11,14,25,52,37,89,0,0,12,0,77,,89,12,77,,89,1/1/2023,12/31/2023,Review/Compilation of Financial Statements,"$381,000.65",,,,,,,,,,,,,,,,,,,,,,,,,,,,,,,,,,,0,987807.89,6544.32,1085239.44,767956.97,0,2847548.62,66,9,2,12,0,0,0,,,,,,,,,,6955
14-2505,2023,Davita Tinley Park,16767 80th Ave,Tinley Park,60477,7,47-1422097,Total Renal Care,For Profit Corporation,Allison Macarol,Dr. Naila Ahmed,Chicagoland Zane Holdings LLC,PO BOX 6410,"Santa Ana, CA 92706-0410",,,,,,,,,,,,,,,,,,,,40,3,5,0.5,0.5,0,1,1,11,"other health-related professionals - Facility Administrator 
other non health related professionals- Bio Med",14,14,14,14,14,14,0,205,181,2,2,2,2,2,2,2,0,No,0,12,11,12,11,12,11,0,27,19,23,18,27,18,0,26,82,41,16,5,0,2,1,22,6,0,3,57,10,3,11,0,1,82,0,0,0,2,3,5,15,11,26,11,6,17,17,17,34,45,37,82,2,0,14,1,65,0,82,4,78,0,82,1/1/2023,12/31/2023,Review/Compilation of Financial Statements,"$5,632.00",,,,,,,,,,,,,,,,,,,,,,,,,,,,,,,,,,,0,945195,73071,592914,1655266,0,3266446,57,10,3,11,0,12600,1,,,,,,,,,,6384
14-2840,2023,DaVita West Lawn,7000 S Pulaski Rd,Chicago,60629,6,95-3372911,"Total Renal Care, Inc",For Profit Corporation,Ashley Frias,Dr. Michael Arvan,Heidner Property Mgmt,5277 Trillium Blvd,"Hoffman Estates, IL. 60192-3602",,,,,"Total Renal Care, Inc.",Lessee,,,,,,,,,,,,,,40,2,6,1,1,0,1,2,13,"1 - Other Health - Facility Administrator
2 - Other Non Health - Administrative Assistant & Biomed",12,12,12,12,12,12,1,210,689,3,3,3,3,3,3,3,0,No,0,14,14,14,14,14,14,0,32,21,31,22,32,22,54,63,94,30,21,2,0,1,4,26,0,8,4,54,36,1,3,0,0,94,0,0,0,2,8,10,12,27,39,11,20,31,7,7,14,32,62,94,0,0,28,0,66,0,94,59,35,0,94,1/1/2023,12/31/2023,Review/Compilation of Financial Statements,"$17,011.16",,,,,,,,,,,,,,,,,,,,,,,,,,,,,,,,,,,0,684684.55,298187.58,1115231.31,1568710,0,3666813.44,54,36,1,3,0,0,0,,,,,,,,,,7974
14-2685,2023,Decatur East Wood,794 East Wood Street,Decatur,62523,4,621323090,Davita Dialysis,For Profit Corporation,Katie White,Mohammad Hasnain,NAFA Real Estate,46 Hamilton Lake,"Oak Brook, IL 60523",,,,,,,,,,,,,,,,,,,,40,2,3,0,1,0,0,2,8,Other: Facility Administrator and Administrative Assistant,18,18,18,18,18,18,0,180,1147,2,2,2,2,2,2,2,0,No,0,11.5,11.5,11.5,11.5,11.5,11.5,0,26,21,25,19,27,23,58,60,61,9,3,0,0,1,2,8,3,1,14,49,2,3,6,,1,61,0,0,0,3,4,7,21,10,31,8,5,13,8,2,10,40,21,61,,,40,,21,,61,,61,,61,1012023,12312023,Review/Compilation of Financial Statements,$-,,,,,,,,,,,,,,,,,,,,,,,,,,,,,,,,,,,0,1222781.32,22568.81,1825440.42,1327997,0,4398787.55,49,2,3,6,0,12819,1,,,,,,,,,,8243
14-2581,2023,Dialysis care center Beverly,10801 s western,Chicago,60643,6,82-2576141,,Limited Liability Company,Faith Osemwengie,Dr Muhammad Omer,,,,,,,,,,,,,,,,,,,,,,,40,4,12,1,1,0,0,0,18,,16,16,16,16,16,16,0,240,423,3,3,3,3,3,3,3,3,No,0,16,16,16,16,16,16,0,44,26,44,29,43,30,79,71,114,30,1,2,0,0,1,2,0,0,0,56,15,0,8,0,0,79,0,0,0,8,7,15,11,17,28,6,9,15,9,12,21,34,45,79,7,0,54,0,15,3,79,9,65,5,79,1/1/2023,31/12/2023,Review/Compilation of Financial Statements,"$2,570.00",,,,,,,,,,,,,,,,,,,,,,,,,,,,,,,,,,,8748,2249874,386439,0,565367,0,3201680,56,15,0,8,0,0,0,,,,,,,,,,10044
14-2599,2023,DIALYSIS CARE CENTER ELGIN,995 NORTH RANDALL RD,Elgin,60123,8,83-0881805,DIALYSIS CARE CENTER LLC,Limited Liability Company,Ivan Salvador,"RUCHI SOOD, MD",DYN COMMERCIAL HOLDINGS LLC,6801 SPRING CREEK RD,ROCKFORD IL 61114,,,,,,,,,,,,,,,,,,,,36,3,5.5,0.25,0.25,0,0,1,10,1-FT ADMINISTRATIVE ASSISTANT/PCT,14,14,14,14,14,14,1,240,84,2,2,2,2,2,2,2,0,No,0,12,12,12,12,12,12,0,22,19,20,19,19,19,40,40,56,16,0,0,0,2,2,6,2,0,3,40,5,3,12,0,0,60,0,0,0,2,1,3,16,9,25,8,4,12,10,10,20,36,24,60,8,0,10,0,42,0,60,23,37,0,60,1/1/2023,12/31/2023,Review/Compilation of Financial Statements,"$30,779.00",,,,,,,,,,,,,,,,,,,,,,,,,,,,,,,,,,,261568,1326397,203222,,611077,11700,2152396,40,5,3,12,0,0,0,,,,,,,,,,6171
14-2622,2023,Dialysis Care Center Evergreen,9834 s Kedzie Avenue,Evergreen Park,60805,7,,,Limited Liability Company,Larry  Oladunjoye,Dr Osezua Olear,,,,,,,,,,,,,,,,,,,,,,,40,2,8,1,1,0,0,1,13,,16,16,16,16,16,16,0,240,255,3,3,2,3,2,3,2,0,No,0,39,24,41,25,39,25,0,16,12,16,12,16,12,64,54,114,33,1,2,0,3,4,10,0,0,2,37,15,0,13,0,0,65,0,0,0,8,6,14,7,6,13,12,11,23,5,10,15,32,33,65,6,0,32,0,17,10,65,32,28,5,65,1/1/2023,12/31/2023,Review/Compilation of Financial Statements,"$14,312.00",,,,,,,,,,,,,,,,,,,,,,,,,,,,,,,,,,,84909,1738697,337619,,907008,8100,2991424,37,15,0,13,0,0,0,,,,,,,,,,8436
14-2609,2023,Dialysis Care Center Hazelcrest,18325 Pulaski Road Unit A-B,Hazel Crest,60429,7,83-238836,Dialysis Care Center,Limited Liability Company,Marvinia Anderson,Dr. Syed Hashmi,National Shopping Plaza,200 W. Madison Suite 4200,"Chicago, IL 60606",,,,,Dialysis Care Center,Parent Company,For Profit LLC,,,,,,,,,,,,,554,2.8,6.65,0.8,0.8,0,1,1.8,13.85,"Administrative Assistant
Facility Manager
Biomed",12,12,12,12,12,12,0,240,623,3,3,3,3,3,3,3,0,No,0,16,15,16,15,16,15,0,29,30,31,32,29,27,66,66,104,31,0,0,1,1,2,22,0,0,5,66,23,0,11,4,0,104,0,0,0,9,9,18,21,16,37,13,19,32,10,7,17,53,51,104,0,0,91,0,13,0,104,7,96,1,104,1/1/2023,12/31/2023,Review/Compilation of Financial Statements,"$5,005.00",,,,,,,,,,,,,,,,,,,,,,,,,,,,,,,,,,,3673,2176610,364068,,568107,-5850,3102935,66,23,0,11,4,0,0,,,,,,,,,,9331
14-2583,2023,DIALYSIS CARE CENTER MCHENRY,612 S ROUTE 31,McHenry,60051,8,81-4778754,DIALYSIS CARE CENTER LLC,Limited Liability Company,Ruth Rodriguez,"FARHAN BANGASH, DO",PINNACLE INVESTMENT PARTNERS,812 CAMPUS DRIVE,JOLIET IL 60435,,,,,,,,,,,,,,,,,,,,36,3.5,6,0.25,0.25,0,0,1,11,1 FT ADMINISTRATIVE ASSISTANT,14,14,14,14,14,14,1,240,152,2,2,2,2,2,2,2,0,No,0,12,12,12,12,12,12,0,23,11,22,13,23,11,49,42,70,15,0,0,0,2,1,6,3,0,8,52,3,4,11,0,0,70,0,0,0,5,2,7,15,6,21,9,9,18,14,10,24,43,27,70,0,0,1,0,69,0,70,11,59,0,70,1/1/2023,12/31/2023,Review/Compilation of Financial Statements,"$13,068.00",,,,,,,,,,,,,,,,,,,,,,,,,,,,,,,,,,,8616,1538973,68836,,690365,-6469,2291705,52,3,4,11,0,0,0,,,,,,,,,,6197
14-2541,2023,Dialysis Care Center Oaklawn,9115 s Cicero,Oaklawn,60453,7,81-1874961,,Limited Liability Company,Lorna Sanders,Dr Sushant Taksande,,,,,,,,,,,,,,,,,,,,,,,40,0,3,7,1,0,0,1,12,,12,12,12,12,12,12,0,240,280,3,3,3,3,3,3,3,0,No,0,16,16,16,16,16,16,0,31,36,32,33,31,36,65,62,99,18,4,0,0,1,1,2,0,0,4,38,14,0,15,0,0,67,0,0,0,6,9,15,8,10,18,9,9,18,7,9,16,30,37,67,4,0,49,0,12,2,67,4,59,4,67,1/1/2023,12/31/2023,Review/Compilation of Financial Statements,"$42,160.00",,,,,,,,,,,,,,,,,,,,,,,,,,,,,,,,,,,93065,1937882,293209,,1136042,16800,3383933,38,14,0,15,0,0,0,,,,,,,,,,9261
14-2548,2023,Dialysis Care Center Olympia Fileds,3322 Vollmer Rd,Olympia Fields,60461,7,,,Limited Liability Company,Leslie Bailey,Dr Tauseef Sarguroh,,,,,,,,,,,,,,,,,,,,,,,40,3,8,1,1,0,0,1,14,,24,24,24,24,24,24,0,240,89,3,3,0,3,0,3,0,0,No,0,14,0,14,0,14,0,0,69,0,63,0,68,0,65,70,126,20,4,0,0,1,0,3,0,0,2,44,12,0,15,0,0,71,0,0,0,9,9,18,9,10,19,9,7,16,6,12,18,33,38,71,2,0,59,0,9,1,71,10,60,1,71,1/1/2023,12/31/2023,Review/Compilation of Financial Statements,"$229,314.00",,,,,,,,,,,,,,,,,,,,,,,,,,,,,,,,,,,354715,1844351,472682,0,1345050,49500,3711583,44,12,0,15,0,0,0,,,,,,,,,,9577
14-2624,2023,DIALYSIS CARE CENTER ROCKFORD,1007 W RIVERSIDE BLVD SUITE A,Rockford,61103,1,85-1081828,DIALYSIS CARE CENTER LLC,Limited Liability Company,Johanna Adams,"KRISHNA MANDA, MD",MERIDIAN INVESTMENT PARTNERS,812 CAMPUS DRIVE,JOLIET IL 60435,,,,,,,,,,,,,,,,,,,,36,3,5,0.25,0.25,0,0,1,9.5,1 FT ADMINISTRATIVE ASSISTANT,12,12,12,12,12,12,1,240,333,3,3,0,3,0,3,0,0,No,0,12,0,12,0,12,0,0,29,0,30,0,29,0,22,38,60,26,0,1,0,3,2,12,1,0,3,33,10,6,11,0,0,60,0,0,0,2,6,8,16,10,26,9,4,13,7,6,13,34,26,60,0,0,19,0,2,39,60,12,46,2,60,1/1/2023,12/31/2023,Review/Compilation of Financial Statements,($331.00),,,,,,,,,,,,,,,,,,,,,,,,,,,,,,,,,,,130589,876001,139047,,692546,0,1707594,33,10,6,11,0,0,0,,,,,,,,,,4309
14-2625,2023,Dialysis Care Center-Vollmer,222 Vollmer Rd,Chicago Heights,60411,7,36-3225982,Dialysis Care Center,Limited Liability Company,Tonia Madkins,Dr. Albara Said,Dialysis Care Center,15801 Bell Road,Homer Glen IL 60491,,,,,Dialysis Care Center,Owner,,,,,,,,,,,,,,567,2.2,7.9,0.4,0.4,0,1.4,1.9,14.2,"Administrative Assistant
Biomed
Clinical Manager",9,9,16,16,16,16,0,240,542,2,2,2,2,2,2,2,0,No,0,13,13,13,13,13,13,0,28,26,28,26,27,22,63,63,102,56,0,0,2,4,2,39,0,2,7,67,19,0,16,0,0,102,0,0,0,11,2,13,22,15,37,17,16,33,9,10,19,59,43,102,0,0,89,0,13,0,102,0,102,,102,1/1/2023,12/31/2023,Review/Compilation of Financial Statements,"$103,193.00",,,,,,,,,,,,,,,,,,,,,,,,,,,,,,,,,,,246326,1396496,339885,,640430,14400,2391211,67,19,0,16,0,0,0,,,,,,,,,,6651
14-2772,2023,Dixon Kidney Center,1131 N. Galena Ave,Dixon,61021,1,232798598,Renal Treatment Center,For Profit Corporation,Melissa Feit,Dr. Charles Sweeney,Senstrom,2420 20th Street,"Rockford, IL 61104",,,,,,,,,,,,,,,,,,,,30,4,5,0.5,0.5,0,0,2,12,"Bio-med
AA",8,8,8,8,8,8,0,218,237,2,2,1,2,1,2,1,0,No,0,12,6,10,6,10,6,0,18,7,16,8,16,8,26,25,40,12,2,0,0,0,1,3,1,0,5,26,4,0,6,0,1,37,0,0,0,4,2,6,9,3,12,5,4,9,7,3,10,25,12,37,0,0,0,0,33,4,37,4,33,0,37,1/1/2023,12/31/2023,Review/Compilation of Financial Statements,"$571,770.00",,,,,,,,,,,,,,,,,,,,,,,,,,,,,,,,,,,0,753564,32127,869657,1402016,0,3057364,26,4,0,6,0,15840,1,,,,,,,,,,2099
14-2793,2023,DSI Loop Renal,1101 S Canal St,Chicago,60607,6,20-269-4671,DSI Renal,For Profit Corporation,Cecilla Harris,"Dr, Sheldon Hirsch",Canal Taylor South LLC,1101 S Canal,Chicago IL 60607,,,,,Lakeside Nephrology,sub-tenant,nephrology,,,,,,,,,,,,,32,3,6,1,1,0,0,0,0,"BioMed
Facility Administrator
Administrative Assistant",28,28,28,28,28,28,28,240,328,60,3,,3,,3,,,No,0,12,0,12,0,12,,0,32,0,31,0,28,,39,30,0,2,22,0,0,0,1,4,0,0,0,40,7,0,5,3,0,0,0,,0,9,,0,20,,0,14,,0,12,,0,0,0,0,3,0,37,0,15,0,0,3,52,0,0,23-Jan,30-Dec,Review/Compilation of Financial Statements,"33,803,76",,,,,,,,,,,,,,,,,,,,,,,,,,,,,,,,,,,0,"500,431.60","15,988","851,630,19","1,122,454.10",,0,0,0,0,0,0,"2,160.00",0,,,,,,,,,,4264
14-2628,2023,Edgewater,615 Harrison Avenue,Rockford,61108,1,95-3372911,Davita,For Profit Corporation,Kathryn Carlson,Dr. Syed Ahmed,First Midwest Group,6801 Spring Creek Road,Rockford IL 61114,,,,,,,,,,,,,,,,,,,,32,1,2,0.2,0.2,0,0,0.6,4,Administrative Assistant,8,8,8,8,8,8,1,210,66,3,3,,3,,3,,,No,0,15,0,15,0,15,0,0,22,0,21,0,20,0,12,22,34,24,1,0,0,0,1,11,0,0,2,26,7,1,0,0,0,34,0,0,0,1,2,3,8,1,9,9,6,15,3,4,7,21,13,34,0,0,10,0,24,,34,11,23,0,34,7/31/2022,7/31/2023,Review/Compilation of Financial Statements,"$6,981.58",,,,,,,,,,,,,,,,,,,,,,,,,,,,,,,,,,,0,323240.47,75803,470500,0,0,869543.47,26,7,1,0,0,0,0,,,,,,,,,,351
14-2651,2023,Effingham DaVita Dialysis,"904 Medical Park Dr., Suite 1",Effingham,62401,5,62-1323090,"DVA Renal Healthcare, Inc.",For Profit Corporation,Leigh Hammer,Dr. Bashar Alzahabi,"HSHS Medical Group, Inc.",800 NE Glen Oak Ave,"Peoria, IL 61603",,,,,,,,,,,,,,,,,,,,32,3,4,1,0,0,1,2,11,"Other Health Professional:  Leigh Hammer, R.N. - Facility Administrator

Other Non-Health Professionals:  Cathy Zaccari, Administrative Assistant
                                                      Grant Roehrs, BioMedical Technician",16,16,16,16,16,16,1,240,326,2,2,2,2,2,2,2,0,No,0,11,11,11,11,11,11,0,30,16,27,16,29,20,41,57,85,38,4,1,1,5,2,12,1,0,8,50,1,22,12,0,0,85,0,0,0,5,6,11,13,12,25,16,12,28,12,9,21,46,39,85,0,0,2,0,83,,85,0,85,0,85,1/1/2023,12/31/2023,Review/Compilation of Financial Statements,$-,,,,,,,,,,,,,,,,,,,,,,,,,,,,,,,,,,,0,1690701.39,28921.78,766836,419295,0,2905754.17,50,1,22,12,0,0,0,,,,,,,,,,7000
14-2584,2023,Ford City,8159 S. Cicero,Chicago,60652,6,95-3372911,Davita,For Profit Corporation,Christine Butler,Dr. Michael Arvan,Horizon Realty,1946 W. Lawrence Avenue,Chicago,,,,,Davita,Owner,Wholly Owned,,,,,,,,,,,,,40,1,4,10,10,0,10,10,45,"Other Health-related professionals: Administrative Assistant
Other Non health-related Professionals: Biomedical Technician",12,12,12,12,12,12,0,240,0,3,3,0,3,0,3,0,0,No,0,15,0,15,0,15,0,0,25,0,25,0,25,0,30,29,48,12,5,1,0,0,4,7,1,0,4,37,8,2,1,0,0,48,0,0,0,2,2,4,8,9,17,10,6,16,5,6,11,25,23,48,1,0,20,1,26,,48,25,23,0,48,1/1/2023,12/31/2023,Review/Compilation of Financial Statements,"$4,463.70",,,,,,,,,,,,,,,,,,,,,,,,,,,,,,,,,,,0,87119.06,508873.77,557542.51,93598.82,,1247134.16,37,8,2,1,0,0,0,,,,,,,,,,
14-2648,2023,"Fox Valley Dialysis, Ltd.",1300 Waterford Drive,Aurora,60504,8,,"Renaissance Management Company, LLC",Limited Liability Company,Elaine Stagen,Dr. Pardeep Sood,RBSG&M,1300 Waterford Drive,"Aurora, IL 60504",,,,,"Fox Valley Medical Associates, Ltd",Affiliate,Medical Director Agreement,Renaissance Management Co. LLC,Affiliate,Employee Lease Mgmt Agreement,"Yorkville Dialysis Center, LLC",Affiliate,None,"Fox Valley Acute Dialysis Services, LL",Affiliate,None,"Tri-Cities Dialysis, LLC",Affiliate,None,40,6.8,15.7,1,0.85,0,0,2.08,26.43,Other Non Health-Related Professionals: Biomedical Technicians & Clerical,29,29,29,29,27,26,0,230,640,3,3,3,3,3,3,3,0,No,0,16,16,16,16,16,16,0,65,59,64,59,65,58,129,133,201,64,5,1,2,7,8,38,1,0,14,128,47,0,25,1,0,201,0,0,0,11,14,25,61,31,92,29,18,47,22,15,37,123,78,201,2,0,46,3,148,2,201,105,95,1,201,1/1/2023,12/31/2023,Review/Compilation of Financial Statements,$-,,,,,,,,,,,,,,,,,,,,,,,,,,,,,,,,,,,0,3183432,777016,0,4474058,0,8434506,128,47,0,25,1,0,0,,,,,,,,,,19690
14-2590,2023,Geneva Crossing,546 S Schmale Rd.,Carol Stream,60188,7,60188,82-0804602,For Profit Corporation,Kristina Lopez,Shivani Shah,Eric Jacobson / Frontline Real Estate,477 Elm Place,"Highland, IL 60035",,847-780-8061,,,,,,,,,,,,,,,,,,38,3,5,0.5,0.5,0,0,1.5,10.5,"Facility Administrator
Biomed",14,14,14,14,14,14,1,225,59,3,3,2,3,2,3,2,0,No,0,16,12,16,12,16,12,0,29,20,29,20,28,22,40,50,64,63,31,1,0,2,2,52,3,0,4,42,8,0,10,0,4,64,0,0,0,8,0,8,8,8,16,10,10,20,15,5,20,41,23,64,10,0,10,0,44,0,64,13,51,0,64,1/2/2023,12/31/2023,Review/Compilation of Financial Statements,$-,,,,,,,,,,,,,,,,,,,,,,,,,,,,,,,,,,,0,811334.81,71248.47,807330.56,1216269.53,,2906183.37,42,8,0,10,0,40320,4,,,,,,,,,,6754
14-2863,2023,Glen Dialysis,"2601 Compass Rd., Suite 145",Glenview,60026,7,95-3372911,"Total Renal Care- Davita, Inc.",For Profit Corporation,Sandy Hall,"Stuart Sprague, D.O.",MB Real Estate,205 N. Michigan,"Chicago, IL, 60601",,,,,,,,,,,,,,,,,,,,36,3.5,7,1,1,0,0,2,14.5,Biomed and Administrative Assistant,16,16,16,16,16,16,16,210,228,3,3,3,3,3,3,3,0,No,0,13,12,11,11,13,12,0,40,38,34,31,41,37,82,80,126,49,3,0,1,1,7,28,6,0,5,91,10,8,16,0,1,126,0,0,0,4,2,6,10,10,20,20,10,30,43,27,70,77,49,126,29,0,2,0,95,,126,8,118,0,126,1/1/2023,12/31/2023,Review/Compilation of Financial Statements,"$87,220.08",,,,,,,,,,,,,,,,,,,,,,,,,,,,,,,,,,,0,1860418.25,102705.47,952817,1586676,0,4502616.72,91,10,8,16,0,1800,1,,,,,,,,,,10735
14-2850,2023,Grand Crossing Dialysis,7319 S. Cottage Grove,Chicago,60619,6,95-3372911,"Total Renal Care, INC",For Profit Corporation,Rossley Bradley,Mohamed Salem,Mao Mei,7329 S. Cottage Grove Ave,"Chicago, Il. 60619",,,,,,,,,,,,,,,,,,,,34,3,6,1,1,0,1,1,13,"1 - Facility Administrator
1 - Administrative Assistant
1 - Biomed",12,12,12,12,12,12,1,210,1282,3,3,3,3,3,3,3,0,No,0,16,12,16,12,16,12,0,23,15,20,13,18,14,0,0,55,15,4,1,0,0,0,3,1,0,3,26,23,2,3,0,1,55,0,0,0,7,8,15,12,11,23,7,6,13,2,2,4,28,27,55,,,54,,,,54,1,,,1,1/1/2023,12/31/2023,Review/Compilation of Financial Statements,"$50,774.88",,,,,,,,,,,,,,,,,,,,,,,,,,,,,,,,,,,0,709096.34,8075.55,1309916.32,298278,0,2325366.21,26,23,2,3,0,0,1,,,,,,,,,,5684
14-2604,2023,Granite City Dialsysis,9 American Village,Granite City,62040,11,23-2798598,"Renal Treatment Centers of IL, INC.",For Profit Corporation,Tedra Howell,Kenneth Gerdes,Daniels Realty Group,8706 Manchester Rd Ste. 102,"St. Louis, MO 63144",,,,,,,,,,,,,,,,,,,,40,4,5,1,1,0,0.5,2,13.5,"Other Health-related Professionals-Biomed Service Technician
Other Non Health-related Professionals- Admin. Assistant and Facility Administrator",20,20,20,20,20,20,1,240,951,3,3,2,3,2,3,2,0,No,0,11,9,11,9,11,9,0,38,31,38,42,31,0,85,86,91,20,1,1,0,4,0,8,1,1,10,70,10,2,6,0,3,91,0,0,0,7,4,11,25,17,42,10,21,31,4,3,7,46,45,91,0,0,49,0,42,0,91,13,78,0,91,1/1/2023,12/31/2023,Review/Compilation of Financial Statements,"$89,619.54",,,,,,,,,,,,,,,,,,,,,,,,,,,,,,,,,,,0,1226857.42,52777.33,2167972.26,764899.57,0,4212506.58,70,10,2,6,0,98912,3,,,,,,,,,,10307
14-2741,2023,Horizon Health Dialysis Center,725 E. Court St.,Paris,61944,4,,"Hospital & Medical Foundation of Paris, Inc.",Other Not for Profit,Tabatha Donnelly,Dr. Kumar Gaurav,,,,,,,,,,,,,,,,,,,,,,,376,2.8,0.9,0.8,1,0,1,1.9,8.4,"Biomedical Technician 1.0 FTE, Registration/Authorization 0.9 FTE, Administrator/RN 1.0 (Not counted in RN numbers above)",0,0,8,8,8,8,1,208,44,2,2,0,2,0,2,0,0,No,0,11,0,11,0,11,0,0,10,0,9,0,10,0,0,10,15,15,0,1,0,0,0,3,1,0,2,14,0,0,1,0,0,15,0,0,0,1,0,1,0,0,0,5,1,6,4,4,8,10,5,15,0,0,0,0,15,0,15,0,15,0,15,2/1/2023,12/31/2023,,,,,,,,,,,,,,,,,,,,,,,,,,,,,,,,,,,,,,,,,,,0,14,0,0,1,0,0,0,,,,,,,,,,831
14-2736,2023,Illini Renal DaVita Dialysis,1004 W. Anothony Dr.,Champaign,61821,4,62-1323090,DaVita,For Profit Corporation,Michele Stapleton,Abdel-Moneim Attia,"Reality Income Illinois Properties, LLC",11995 El Camino Real,"San Diego, California",,,,,,,,,,,,,,,,,,,,40,6,9,1,1,0,1,2,20,"Other Health Professionals: 
Michele Stapleton, MSN, RN, FA
Facility Administrator
Other non-health related professionals:
Candi Scott, Administrative Assistant
Frank Smith, Bio-med",24,24,24,24,24,24,2,200,1327,2,2,2,2,2,2,2,2,No,0,12,12,12,12,12,12,0,36,25,34,22,33,26,80,80,113,36,0,3,2,0,2,24,2,3,10,95,,,,,,95,0,0,0,12,8,20,27,13,40,19,8,27,12,12,24,70,41,111,1,0,48,0,62,0,111,5,106,0,111,1/1/2023,12/31/2023,Review/Compilation of Financial Statements,,,,,,,,,,,,,,,,,,,,,,,,,,,,,,,,,,,,,129722.83,1538958.57,2247547.84,222940.32,0,4139169.56,95,0,0,0,0,0,0,,,,,,,,,,8551
14-2654,2023,Jacksonville Dialysis,1515 W. Walnut Bldg. # 11,Jacksonville,62650,3,62-1323090,"DVA Renal Healthcare, Inc.",For Profit Corporation,Matthew Dixon,"Oritsegbubemi Adekola, MD","DVA Renal Healthcare, Inc.",2000 16th Street,"Denver, CO 80202",,,,,,,,,,,,,,,,,,,,40,3,4.5,0.5,0.5,0,0,2,0,"Administrative Assistant, Facility Administrator",14,14,14,14,14,14,1,215,1194,3,3,3,3,3,3,3,0,Yes,0,15,12,15,12,15,12,0,33,21,27,23,27,29,73,71,135,40,3,0,0,3,1,10,11,0,10,92,1,32,9,0,1,0,0,0,0,0,3,0,23,21,0,22,30,0,26,10,0,0,0,0,1,0,21,0,113,0,0,4,110,0,0,1/1/2023,12/31/2023,Review/Compilation of Financial Statements,"$6,636.35",,,,,,,,,,,,,,,,,,,,,,,,,,,,,,,,,,,0,"1,371,688.44","2,538.25","1,089,155.50","650,922.54",0,0,0,0,0,0,0,"7,560.00",0,,,,,,,,,,9143
14-2313,2023,John H. Stroger Hospital of Cook County,1969 W. Ogden Ave. #2353,Chicago,60612,6,36-6006541,Cook County Health,Government County,Kristin Uebel,Dr. Kalyani Perumal MD,Cook County,118 N. Clark Street,"Chicago, IL 60612",,,,,Cook County,Property Owner,,Cook County Health,Governing Board,,,,,,,,,,,40,10,5,1,1,0,4,1,22,"Health-Related Professionals- 1- Medical Director Hemodialysis Services, 2- Medical Director Peritoneal Dialysis , 3- APN, 4- Medical Assistant

Non-Health-Related Professionals- 1 Dialysis Clerk

Note- 3.0 FTEs Agency/ Contracted Registered Nurses, 1.0 FTE Agency/ Contracted Dialysis Technician",9,9,9,9,9,9,2,240,13,1,1,1,1,1,1,1,0,No,0,18,18,18,18,18,18,0,7,6,7,5,7,6,12,11,18,6,0,0,0,0,0,7,0,0,0,5,13,0,0,0,0,18,0,0,0,1,3,4,5,2,7,2,2,4,1,2,3,9,9,18,2,0,9,0,7,0,18,7,11,0,18,12/1/2022,11/30/2023,Review/Compilation of Financial Statements,,,,,,,,,,,,,,,,,,,,,,,,,,,,,,,,,,,,,323916,827638,,,,1151554,5,13,0,0,0,,0,,,,,,,,,,1927
14-2818,2023,Kankakee County,581 William Latham Sr.Drive Suite 104,Bourbonnais,60914,9,23-2798598,"Renal Treatment Center-Illinois,Inc",For Profit Corporation,Arthie Henderson,Dr.Nashib Hashmi,Ahmed,1079 Country Lane,"Bourbonnais,IL 60914",,,,,,,,,,,,,,,,,,,,40,6,6,0,0,0,3,0,15,,16,16,16,16,16,16,0,210,549,3,3,2,3,2,3,2,0,No,0,15,11,15,11,15,11,0,34,24,33,18,36,25,54,68,94,38,10,1,0,0,0,27,3,0,4,72,12,3,7,0,0,94,0,0,0,6,3,9,20,15,35,18,7,25,13,12,25,57,37,94,0,0,36,1,57,0,94,5,89,0,94,1/1/2023,12/31/2023,Review/Compilation of Financial Statements,"$42,717.66",,,,,,,,,,,,,,,,,,,,,,,,,,,,,,,,,,,0,46100.27,1499156.55,1426123.86,13858741.21,0,16830121.89,72,12,3,7,0,0,0,,,,,,,,,,8192
14-2640,2023,Lake County Dialysis Services,565 Lakeview Pkwy Suite 176,Vernon Hills,60061,8,95-3372911,"Total Renal Care - DaVita, Inc.",For Profit Corporation,Sandy Hall,"Leon Sujata, M.D.",Globe Property Management,520 Lake Cook Road Suite 100,"Deerfield, IL, 60015",,,,,,,,,,,,,,,,,,,,36,4,6,0.5,0.5,0,0,2,13,Biomed and Administrative Assistant,18,18,18,18,18,18,18,210,194,3,3,2,2,2,3,2,0,Yes,0,19,13,19,13,19,13,0,39,10,37,9,40,12,55,57,81,24,4,1,0,0,2,13,4,0,5,53,12,8,7,,1,81,0,0,0,6,2,8,11,8,19,15,11,26,18,10,28,50,31,81,9,0,15,1,56,,81,12,69,0,81,1/1/2023,12/31/2023,Review/Compilation of Financial Statements,"$10,880.89",,,,,,,,,,,,,,,,,,,,,,,,,,,,,,,,,,,0,1114868.93,116195.29,1097443.12,799644.61,0,3128151.95,53,12,8,7,0,1080,1,,,,,,,,,,"8,119"
14-2660,2023,Lincoln DaVita,2100 5th Street,Lincoln,62656,3,62132323090,"Renal Treatment Centers-Illnois, Inc.",For Profit Corporation,Katherine Estelle Blackburn,Parveen Naaz-Ikramuddin,"Sheley Group, LLC.",P.O. Box 367,Lincoln IL 62656,,,,,,,,,,,,,,,,,,,,36,80,72,14,14,0,0,20,200,AA and Biomed,14,14,14,14,14,14,1,210,390,2,2,1,2,1,2,1,0,No,0,11,7,11,7,11,7,0,24,14,27,14,28,12,35,41,63,25,3,1,1,1,0,17,4,0,5,26,1,32,3,0,1,63,0,0,0,1,1,2,14,4,18,12,8,20,15,8,23,42,21,63,0,0,3,0,60,0,63,0,63,0,63,1/1/2023,12/31/2023,,,,,,,,,,,,,,,,,,,,,,,,,,,,,,,,,,,,,0,837793.03,3812.83,961279.64,218616.33,,2021501.83,26,1,32,3,0,8280,1,,,,,,,,,,6569
14-2661,2023,Litchfield Dialysis,915 St. Francis Way,Litchfield,62056,3,62-1323090,"DVA Renal Healthcare, Inc.",For Profit Corporation,Kenneth Mick,"Xueguang Chen, MD",St. Francis Hosp of the Hosp Sisters,1215 Franciscan Drive,"Litchfield, IL, 62056",,,,,,,,,,,,,,,,,,,,40,3,5,0.5,0.5,0,0.5,0,9.5,Biomed technician,12,12,12,12,12,12,0,210,535,2,2,2,2,2,2,2,0,No,0,10,10,10,10,10,10,0,22,22,20,22,19,19,38,45,66,25,4,0,0,0,0,12,0,0,6,60,3,1,1,0,1,66,0,0,0,1,5,6,11,5,16,12,13,25,8,11,19,32,34,66,0,0,2,0,64,0,66,1,65,0,66,1/1/2023,12/31/2023,Review/Compilation of Financial Statements,"$15,188.73",40 gallon water heater,4824.82,STL,,*A2931 CNU combined MS 120-48 s,1094.16,STL,,*A2931 CNU MR-36 access point so,612.44,STL,,*A2931 CNU combined MX 85 softw,2935.15,STL,,*IOT Gateway Device,880.83,STL,,*A2931 CNU MR 36 Hardware,892.34,STL,,*A2931 CNU MS120-48 LP hardwar,3035.47,STL,,*A2931 CNU MX 85 hardware,913.82,STL,,,,0,1007033.66,7237.13,720459.9,229895.96,0,1964626.65,60,3,1,1,0,13680,1,,,,,,,,,,6121
14-2665,2023,Loyola Center for Dialysis on Roosevelt,1201 W. Roosevelt Road,Maywood,60153,7,36-4015560,LUMC (Loyola University Medical Center),Not for Profit Corporation,Maritess Wynkoop,"Vinod Bansal, MD",Loyola University Medical Center,2160 South First Avenue,"Maywood, IL 60153",,,,,"Loyola University Health System, Paren","Sole Corporation, Member",Direct Owner,,,,,,,,,,,,,40,13,12,2,2,0,0,4.5,33.5,"Service Representatives: 2 FT 
Register patients in EPIC & Crownweb, enter and reconcile patients' daily 
charges, Pt's medical record keeping, order dialysis and office supplies and 
keep the waiting area/front office desk in order and safe.

Patient Care Assistant - 1 PT
keeping dialysis supplies par level, keep the storage area clean & in order 
and environmental up-keep.

Security Officers:  2 FT
Maintain safety.",31,31,31,31,31,31,1,240,2002,3,3,3,3,3,3,3,0,No,0,16,16,16,16,16,16,0,55,53,51,35,60,56,129,111,203,45,7,1,1,0,15,35,0,0,12,138,32,0,0,33,0,203,0,0,0,20,16,36,34,20,54,40,34,74,17,22,39,111,92,203,6,0,88,0,109,0,203,66,137,0,203,7/1/2022,6/30/2023,Audited Financial Statements,"$7,185.00",,,,,,,,,,,,,,,,,,,,,,,,,,,,,,,,,,,0,6662289.26,868472.21,5419.3,2787965.41,2128.84,10326275.02,138,32,0,0,33,0,0,,,,,,,,,,16878
14-2341,2023,Machesney Park Dialysis,7170 N Perryville Rd,Machesney Park,61115,1,81-1269053,Total Renal Care,Limited Liability Company,Tyler Schwarz,Michael Robertson,First Midwest Group,6801 Spring Creek Rd,"Rockford, IL 61114",,,,,Rockford Nephrology Associates,JV Partner,Ownership Interest,,,,,,,,,,,,,35,2,4,0.5,0.5,0,0,1.5,8.5,"Facility Administrator
Administrative Assistant",12,12,12,12,12,12,12,210,228,0,3,1,3,1,3,1,0,No,0,16,7,16,7,16,7,0,30,6,27,7,27,8,50,40,69,17,1,1,0,3,3,12,3,0,8,58,2,3,6,0,0,69,0,0,0,3,3,6,20,7,27,10,8,18,11,7,18,44,25,69,0,0,2,2,59,6,69,5,63,1,69,1/1/2023,12/31/2023,Review/Compilation of Financial Statements,"$6,908.11",,,,,,,,,,,,,,,,,,,,,,,,,,,,,,,,,,,0,707077.06,31299.52,974996.82,519535.26,0,2232908.66,58,2,3,6,0,0,0,,,,,,,,,,5773
14-2817,2023,Manteno,1 East Division Street,Manteno,60950,9,23-2798598,"Renal Treatment Centers-IL, INC",For Profit Corporation,Arthie Henderson,Dr.Paritosh Tiwari,"Jerry Curwick VI,LLC",600 North Main Street,"Manteno, Illinois 60950",,,,,,,,,,,,,,,,,,,,40,1,1,0,0,0,0,0,2,,15,15,15,15,15,15,0,210,82,3,3,0,3,0,3,0,0,No,0,12,0,12,0,12,0,0,18,0,16,0,18,0,25,0,38,12,1,0,0,0,0,36,2,0,0,28,6,3,1,0,0,38,0,0,0,2,2,4,7,5,12,9,0,9,8,5,13,26,12,38,10,0,15,0,23,0,48,1,37,0,38,1/1/2023,12/31/2023,Review/Compilation of Financial Statements,,,,,,,,,,,,,,,,,,,,,,,,,,,,,,,,,,,,0,444627.06,2372.68,510895.24,44152.59,0,1002047.57,28,6,3,1,0,0,0,,,,,,,,,,2970
14-2750,2023,Marengo City Dialysis,910 Greenlee St Ste B,Marengo,60152,8,,Total Renal Care,For Profit Corporation,Stephanie Meyers,Aamir Memon,Luciano Zecchin,7602 Maple Street,"Marengo, Il 60152",,,,,,,,,,,,,,,,,,,,34,1,2,0,0,0,0,0,3,,12,12,12,12,12,12,1,225,21,2,2,0,2,0,2,0,0,No,,11,,11,,11,,,14,,14,,11,,19,15,34,11,11,0,0,1,1,5,0,0,2,24,0,2,7,0,1,34,0,0,0,1,4,5,6,5,11,2,0,2,12,4,16,21,13,34,1,0,2,,31,,34,9,25,,34,1/1/2023,12/31/2023,Review/Compilation of Financial Statements,"$36,448.19",,,,,,,,,,,,,,,,,,,,,,,,,,,,,,,,,,,0,288625.5,,301113.56,731765.74,,1321504.8,24,0,2,7,0,360,1,,,,,,,,,,2436
14-2737,2023,Maryville Dialysis,2102 Vadalabene Drive,Maryville,62061,11,23-2798589,"Renal Treatment Center-Illinois, Inc.",For Profit Corporation,Anna Reinacher,Henry Purcell,Terry&Deborah Mammen Family Trust,17975 Highland Ranch Terrace,"Poway, CA 92064",,,,,,,,,,,,,,,,,,,,40,7.5,8.6,1,1,0,0,2,20.1,"1-Biomedial Technician
1-Administrative Assistant",16,16,16,16,16,16,1,210,478,2,2,2,2,2,2,2,,No,0,13,13,13,13,13,13,0,20,19,21,19,19,17,48,44,86,13,3,0,0,5,1,12,9,0,6,68,4,5,6,,3,86,,,0,5,3,8,17,10,27,18,11,29,9,13,22,49,37,86,3,,16,,61,6,86,6,80,0,86,1/1/2023,12/31/2023,Review/Compilation of Financial Statements,"$11,839.79",,,,,,,,,,,,,,,,,,,,,,,,,,,,,,,,,,,0,670027.89,94208.74,919211.99,818369.73,0,2501818.35,68,4,5,6,0,44280,3,,,,,,,,,,6008
14-2664,2023,Mattoon DaVita Dialysis,6051 Development Drive,Charleston,61920,4,62-1323090,DVARenal Healthcare Inc,For Profit Corporation,Rebecca Clement,Dr. Sravan Jasti,J&P Associates,227 W 97th Street,"New York, NY 10025",,,,,,,,,,,,,,,,,,,,32,4.5,7,1,1,0,1,2,16.5,"Other Health-related Professionals:
Facility Administrator

Other Non Health-related Professionals:
Administrive Assistant
Biomed Technician",18,18,18,18,18,18,18,200,897,2,2,2,2,2,2,2,0,No,0,12,10,12,10,12,10,0,33,20,30,20,34,22,50,58,83,26,4,1,2,0,0,16,1,0,8,65,14,2,2,,,83,0,0,0,12,2,14,12,12,24,11,15,26,9,10,19,44,39,83,5,,1,,71,6,83,3,,80,83,1/1/2023,12/31/2023,Review/Compilation of Financial Statements,"$7,449.36",,,,,,,,,,,,,,,,,,,,,,,,,,,,,,,,,,,0,1576032.31,13731,1324530,936021,,3850314.31,65,14,2,2,0,0,0,,,,,,,,,,7123
14-2615,2023,Melrose Park Dialysis,1985 N. Mannheim Road,Melrose Park,60160,7,184185730,Aidiron Dialysis Center,Limited Liability Company,Tracy Only,Dr. Rajani Kosuri,VNV LLC,5515 N. Fransisco,"Chicago, IL 60625",,,,,,,,,,,,,,,,,,,,40,3,3,0.5,0.5,0,0,3,10,"Biomed - .25
Administrative Assistance - .50
Facility Administrator - .25",12,12,12,12,12,12,0,210,71,4,3,1,3,1,3,1,0,No,0,14.5,4.5,14.5,4.5,14.5,4.5,0,25,4,25,5,26,5,30,29,50,16,7,0,0,0,3,18,0,0,2,32,10,0,7,0,1,50,0,0,0,5,1,6,11,3,14,11,6,17,6,7,13,33,17,50,2,0,17,0,4,0,23,27,23,0,50,01.01.23,12.31.23,Review/Compilation of Financial Statements,"$11,803.97",,,,,,,,,,,,,,,,,,,,,,,,,,,,,,,,,,,0,391286.82,75766.23,911068.8,593861,,1971982.85,32,10,0,7,0,13680,1,,,,,,,,,,4766
14-2763,2023,Montclare Dialysis Center,7009 West Belmont Ave,Chicago,60634,6,95-3372911,Total Renal Care Inc,For Profit Corporation,Samuel Cummins,Dr. Kenneth Kuznetsky,Robert Olson and Gladys Olson,6929 Cherry Blossom Lane,Hoschton Ga 30548,Rrvocable Trust C/O Kristie Miles,,,,,,,,,,,,,,,,,,,31,3.5,6.5,1,1,0,0,2.5,14.5,"Administrative Assistant 1.0
Biomedical Technician 0.5
Facility Administrator 1.0",16,16,16,16,16,16,0,3.25,73,3,3,3,3,3,3,3,0,No,0,14.5,10.5,14.5,10.5,14.5,10.5,0,35,15,34,16,35,15,55,58,85,30,9,0,1,1,2,28,0,0,6,54,21,0,9,0,1,85,0,0,0,4,2,6,18,5,23,16,15,31,18,7,25,56,29,85,6,0,8,0,70,1,85,43,42,0,85,1/1/2023,12/31/2023,Review/Compilation of Financial Statements,"$9,636.13",,,,,,,,,,,,,,,,,,,,,,,,,,,,,,,,,,,0,869180,72507,1260167,912012,0,3113866,54,21,0,9,0,0,1,,,,,,,,,,7936
14-2518,2023,Montgomery County DaVita,1822 Senator Miiller Drive,Hillsboro,62049,3,95-3372911,"Total Renal Care, INC.",For Profit Corporation,Vickie Oller,Dr. Vikrampal Bhatti,Wind Dancer Real Estate Group LLC,5634 Wind Dancer Court,"Sheyboygan, WI 53081",,,,,,,,,,,,,,,,,,,,40,1,2,0.5,0.5,0,0.5,0.5,5,"Other Health related professional Administrative Assistant
Other Non Health related Professional Biomed",8,8,8,8,8,8,0,210,440,0,3,0,3,0,3,0,0,No,0,13,0,13,0,13,0,0,19,0,19,0,20,0,21,22,34,3,4,0,1,0,0,3,1,0,3,28,2,1,3,0,0,34,0,0,0,2,1,3,5,3,8,8,10,18,3,2,5,18,16,34,0,0,1,0,33,0,34,0,34,0,34,1/1/2023,12/31/2023,Review/Compilation of Financial Statements,"$24,153.88",,,,,,,,,,,,,,,,,,,,,,,,,,,,,,,,,,,,556245.82,11831.37,501611.56,304549,0,1374237.75,28,2,1,3,0,0,0,,,,,,,,,,3048
14-2527,2023,Morris Community Dialysis,1401Lakewood Drive,Morris,60450,9,,"Affiliated Dialysis  of Joliet, LLC",Limited Liability Company,Marci Anderson,David McFadden,David McFadden,"1401 Lakewood Drive Morris,IL",,,,,,,,,,,,,,,,,,,,,30,4.7,2.4,0,0.7,0,0,0,7.8,,10,10,10,10,10,10,0,210,50,3,0,0,0,0,0,0,0,No,,14,,14,,14,,,22,,21,,22,,0,17,36,8,2,1,0,0,0,11,1,1,4,26,1,0,13,1,0,41,0,0,0,2,4,6,5,3,8,4,4,8,11,3,14,22,14,36,0,0,1,0,34,1,36,4,31,1,36,1/1/2023,12/31/2023,Review/Compilation of Financial Statements,$-,,,,,,,,,,,,,,,,,,,,,,,,,,,,,,,,,,,0,573096,18699,,532623,1303.41,1125721.41,26,1,0,13,1,0,0,,,,,,,,,,3061
14-2302,2023,Mount Sinai Hospital Medical Center Renal Unit,2652 W. Ogden,Chicago,60608,6,36-150-9000,Mount Sinai Hospital,Other Not for Profit,Jessica Munoz,Dr. Andres Serrano,Mount Sinai,2652 W. Ogden,"Chicago, Il 60608",,,,,,,,,,,,,,,,,,,,40,2,8,1,1,0,7,1,20,"Administrator
System Director
Medical Director and Nephrologists
Unit Secretary",16,11,18,18,12,11,0,11303,201.69,916,4,4,4,4,4,4,0,No,17,0,17,17,17,17,17,36,0,43,40,39,36,38,80,82,121,43,1,3,3,5,8,20,1,0,10,65,42,0,11,0,3,121,0,0,0,11,13,24,29,26,55,12,14,26,5,11,16,57,64,121,1,0,60,0,1,59,121,44,63,14,121,7/1/2021,6/30/2022,Review/Compilation of Financial Statements,,,,,,,,,,,,,,,,,,,,,,,,,,,,,,,,,,,,,1072481,1610668,0,505245,0,3188394,65,42,0,11,0,99674.94,3,"The COVID-19 pandemic still negatively impacted the ESRD facility in 2022. Transportation issues persisted throughout the year, especially when patients tested positive for COVID-19 but were asymptomatic, or transportation services were experiencing staffing shortages which resulted in increased patient wait times or missed treatment, since no other transportation service was available to the patient. The clinic experienced staffing shortages which caused a delay in admitting patients to the unit since there were no applicants for technicians or nurses and resulted in the unit manager to be in staffing mode. As a clinic, staffed picked up extra hours to cover staffing holes, as well as partnering with the inpatient dialysis unit of the health system to help fill open shifts as well, so that safe patient was maintained. Supply levels were able to be consistently maintained throughout the year but as a health system, we did have our acid and bicarb allocation reduced to 80% from 100% for three inpatient units and the ESRD facility. We were able to work out a plan to ensure that no patient care would be delayed or impacted due to supplies not being available by sharing supplies or ensuring that supplies were ordered appropriately with plenty of time to receive them. 

The unit continued to maintain and follow COVID-19 screening, testing, and treatment clinical guidelines of the American Society of Nephrology. Patients received education on how to practice good hand hygiene and help reduce the spread of infections like COVID-19 and the flu by washing hands, not touching their face, being shown how to properly wear a face mask and when to get a new one, and to notify staff if they are not feeling well in order to reduce the spread of infection and to ensure that they would still be able to receive their full treatment if transportation became an issue. 

The unit also moved to a new physical location on the hospital campus. Staff was trained on the new location, updated water rooms and machines, and what to do in case of an emergency. Patients were oriented to new unit and shown what to do in case of an emergency.",Jessica Munoz,Unit Manager,7732575412,jessica.munoz@sinai.org,Jessica Munoz,Unit Manager,3/31/2023,"In the ""Patient Added"" section, we admitted 43 new patients, three were returning patients who had been on vacation for >60 days, two needed to receive treatment post transplant, and one needed to restart dialysis toward the end of the year due to failed transplant in the beginning of the year.",
14-2636,2023,Mount Vernon Dialysis,4102 North Watertower Place,Mount Vernon,62864,5,20-1649898,"Renal Life Link, Inc.",For Profit Corporation,Angela Greifzu,Dr. Steven Zelman,Nephroplex Service Corporation,416 North 12th Street,Mount Vernon IL 62864,,,,,,,,,,,,,,,,,,,,35,5,5,0,0.5,0,0,1.5,12,"1-Administrative Assistant 
0.25-Biomedical Technician 
0.25-Home technician",16,16,16,16,16,16,16,195,589,3,2,2,2,2,2,2,0,No,0,12,10,12,10,12,10,0,26,22,25,21,27,21,60,58,97,27,8,1,2,0,2,16,4,0,12,78,4,10,5,0,0,97,0,0,0,5,0,5,27,12,39,11,11,22,16,15,31,59,38,97,2,0,21,0,74,0,97,1,96,,97,1/1/2023,12/31/2023,Review/Compilation of Financial Statements,"$30,911.01",,,,,,,,,,,,,,,,,,,,,,,,,,,,,,,,,,,0,1709284.52,14843.89,923304.36,504443.24,0,3151876.01,78,4,10,5,0,0,0,,,,,,,,,,7695
14-2825,2023,Mount Vernon Dialysis,4102 North Watertower Place,Mount Vernon,62864,5,20-1649898,"Renal Life Link, Inc.",For Profit Corporation,Angela Greifzu,Dr. Steven Zelman,Nephroplex Service Corporation,416 North 12th Street,Mount Vernon IL 62864,,,,,,,,,,,,,,,,,,,,35,5,5,0,0.5,0,0,1.5,12,"1-Administrative Assistant 
0.25-Biomedical Technician 
0.25-Home technician",16,16,16,16,16,16,16,195,589,3,2,2,2,2,2,2,0,No,0,12,10,12,10,12,10,0,26,22,25,21,27,21,60,58,97,27,8,1,2,0,2,16,4,0,12,78,4,10,5,0,0,97,0,0,0,5,0,5,27,12,39,11,11,22,16,15,31,59,38,97,2,0,21,0,74,0,97,1,96,,97,1/1/2023,12/31/2023,Review/Compilation of Financial Statements,"$30,911.01",,,,,,,,,,,,,,,,,,,,,,,,,,,,,,,,,,,0,1709284.52,14843.89,923304.36,504443.24,0,3151876.01,78,4,10,5,0,0,0,,,,,,,,,,7695
14-2796,2023,Mt. Greenwood Dialysis,3401 W 111th Street,Chicago,60655,6,23-2798598,"Renal Treatment Centers- Illinois, Inc",For Profit Corporation,Harlene Sernadilla,Mohamad Barakat,Columbia Pacific Advisors LLC,"1910 Fairview Ave, E. Suite 200","Seattle, WA 9811230",,,,,,,,,,,,,,,,,,,,32,2,8,1,1,0,0,3,15,"1- Biomed
1- FA
1- AA",16,16,16,16,16,16,0,210,668,3,3,3,3,3,3,3,0,No,0,18,16,18,16,18,16,0,28,18,27,17,28,17,0,0,110,40,5,2,0,1,5,24,0,1,8,42,9,54,5,0,0,110,0,0,0,7,4,11,26,14,40,18,17,35,12,12,24,63,47,110,0,0,78,0,17,15,110,15,95,,110,1/1/2023,12/31/2023,Review/Compilation of Financial Statements,"$10,511.15",,,,,,,,,,,,,,,,,,,,,,,,,,,,,,,,,,,0,862645.44,52654.04,1465716.2,668533.3,0,3049548.98,42,9,54,5,0,0,0,,,,,,,,,,8256
14-2688,2023,"Nephron Dialysis Center, Ltd","5140 N California Ave, Suite 510",Chicago,60043,6,36-4277109,,For Profit Corporation,George Kocalis,Hamid Humayun MD,Swedish Hospital,5145 N California Ave,"Chicago, IL 60625",,,,,,,,,,,,,,,,,,,,80,3,8.5,0.5,0.5,0,0.5,5.5,18.5,"0.5 Medical Director, 0.5 Bio-medical Technician, 1 Biller, 1 Secretary, 1 Office Manager, 1 CFO/COO, 1 President/CEO",16,16,16,16,16,16,,210,1050,3,3,3,3,3,3,3,0,No,0,13.5,13.5,13.5,13.5,13.5,13.5,0,30,38,29,36,33,35,69,68,111,40,2,0,0,1,3,28,0,0,11,86,22,,3,,,111,0,0,0,7,3,10,23,10,33,20,20,40,13,15,28,63,48,111,34,0,17,0,60,0,111,26,85,0,111,1/1/2023,12/31/2023,Review/Compilation of Financial Statements,,,,,,,,,,,,,,,,,,,,,,,,,,,,,,,,,,,,0,1815851.12,483795.42,,372644.24,,2672290.78,86,22,0,3,0,0,0,,,,,,,,,,10271
14-2338,2023,"Nocturnal Dialysis Spa, LLC",1634 S Ardmore Ave,Villa Park,60181,7,472148880,,Limited Liability Partnership,Kareem Syed Shah,"Hamid Humayun, MD",HCT Trust,110 Livery Cr,"Oak Brook, IL 60523",,,,,Hamid Huamyun,Partner,Partnership,Wasay Humayun,Partner,Partnership,Youshay Humayun,Partner,Partnership,Irum Humayun,Partner,Partnership,,,,25,1.5,3,0.5,0.5,0,0.5,1,7,"Other Health: Medical Director
Non-Health Professionals: Office and billing staff",12,12,12,12,10,10,0,270,131,1,1,0,1,0,1,0,0,No,0,7,0,7,0,7,0,0,10,0,9,0,10,0,8,11,16,6,0,0,0,0,0,4,0,0,1,11,2,2,1,0,0,16,0,0,0,1,0,1,5,2,7,1,1,2,2,4,6,9,7,16,4,0,6,0,6,0,16,3,13,0,16,1/1/2023,12/31/2023,Review/Compilation of Financial Statements,$-,,,,,,,,,,,,,,,,,,,,,,,,,,,,,,,,,,,0,138677,25296,22037,42691,,228701,11,2,2,1,0,0,0,,,,,,,,,,1176
14-2614,2023,Northgrove Dialysis,2491 Industrial Dr  Suite 200,Highland,62249,11,95-3372911,Total Renal Care Inc.,For Profit Corporation,Alison Priest,Sriraj Kanungo,Apex Holdings,15 Apex Drive,"Highland, IL 62249",,,,,,,,,,,,,,,,,,,,40,2,3,0.5,0.5,0,0,1.5,7.5,"Facility Admin, Administrative Assistant and Biomedical support",12,12,12,12,12,12,1,210,204,2,2,0,2,0,2,0,0,No,0,10,0,10,0,10,0,0,20,0,19,0,15,0,13,17,30,18,2,0,0,2,1,5,1,0,11,21,1,6,1,0,1,30,0,0,0,1,3,4,6,3,9,6,2,8,5,4,9,18,12,30,0,0,4,0,25,1,30,1,28,1,30,1/1/2023,12/31/2023,Review/Compilation of Financial Statements,"$3,717.00",,,,,,,,,,,,,,,,,,,,,,,,,,,,,,,,,,,0,344720,10744,446937,77544,0,879945,21,1,6,1,0,17280,1,,,,,,,,,,2612
14-2753,2023,"Oak Park Kidney Center, LLC",610 S Maple Avenue. Suite 4100,Oak Park,60304,7,364485174,,Limited Liability Partnership,"Kareem Syed Shah, RN","Hamid Humayun, MD",Rush University Medical Center,1700 W Van Buren. Rm 279,"Chicago, IL 60612",,,,,Humayuns'SC,Partner,Partnership,Vaseem Qureshi,Partner,Partnership,,,,,,,,,,40,4,7.5,0.5,1,0,1,3.5,17.5,"Other Health: Medical Director
Non-Health Professionals: Office and billing staff",18,18,18,18,18,16,16,270,1812,3,3,3,3,3,3,3,0,No,0,13.5,13.5,13.5,13.5,13.5,13.5,0,28,31,28,27,28,29,60,61,92,91,4,0,1,1,1,3,4,1,12,36,9,21,24,2,0,92,0,0,0,4,8,12,14,22,36,11,13,24,13,7,20,42,50,92,2,0,61,0,27,2,92,16,72,4,92,1/1/2023,12/31/2023,Review/Compilation of Financial Statements,$-,,,,,,,,,,,,,,,,,,,,,,,,,,,,,,,,,,,0,1200677.39,166111.89,616601.72,1571735.03,612.81,3555738.84,36,9,21,24,2,0,0,,,,,,,,,,8843
14-2854,2023,Palos Park Dialysis,13155 South LaGrange Rd,Orland Park,60462,7,95-337-2911,Total Renal Care,For Profit Corporation,Brett Curtiss,Sonja Marcic,"GX Orland Park 2, LLC",38w435 Cloverfield Rd,"St. Charles, IL, 60175",,,,,,,,,,,,,,,,,,,,178,2,3.5,0.5,0.5,0,0.5,0.5,7.5,"AA .5 FTE
biomed .5 FTE",12,12,12,12,12,12,1,187,131,2,2,2,2,2,2,2,0,No,12,12,12,12,12,12,12,0,16,14,13,11,16,14,9,16,53,19,15,0,0,0,0,5,0,0,8,35,13,0,5,0,0,53,0,0,0,1,0,1,2,4,6,9,6,15,18,13,31,30,23,53,4,0,4,0,45,0,53,2,51,0,53,1/1/2023,12/31/2023,Review/Compilation of Financial Statements,"$22,825.88",,,,,,,,,,,,,,,,,,,,,,,,,,,,,,,,,,,0,1007834.52,2027.95,316592,369091,0,1695545.47,35,13,0,5,0,0,0,,,,,,,,,,4521
14-2671,2023,QUALITY RENAL CARE -DUNDEE DAVITE CARPEN,2203 RANDALL ROAD,Carpentersville,60110,8,95-3372911,TOTAL RENAL CARE,For Profit Corporation,Tracey Only,DR. UMESH PATEL,DR. NASIR J. AHMAD,296 SPRING STREET,"SOTUH ELGIN, IL 60117",PRESENCE ST.JOSEPH HOSPITAL,77 N. AIRLITE,"ELGIN, IL 60123",,,,,,,,,,,,,,,,,40,3,4,0.5,0.5,0,0,0,8,"AA -1
BIOMED - .30
FA - .30",13,13,13,13,13,13,1,210,346,5,4,2,4,2,4,2,0,No,0,15,12,15,12,15,12,0,27,11,27,12,26,12,49,48,72,14,11,0,1,0,5,19,1,0,1,44,10,1,14,0,3,72,0,0,0,3,4,7,16,10,26,11,3,14,20,5,25,50,22,72,3,0,5,0,64,,72,27,45,,72,1/1/2023,12/31/2023,Review/Compilation of Financial Statements,"$7,079.62",,,,,,,,,,,,,,,,,,,,,,,,,,,,,,,,,,,0,681029.86,75670.22,966291.73,1062780.88,,2785772.69,44,10,1,14,0,128160,3,,,,,,,,,,8513
14-2879,2023,Red Bud DaVita,1500 East Market Street,Red Bud,62278,5,95-3372911,Total Renal Care Inc.,For Profit Corporation,Alison Priest,Meher Mallick,Marketstreet Healthcare Red Bud LLC,,,,,,,,,,,,,,,,,,,,,,40,2,1,0.5,0.5,0,0,1.5,5.5,.5 AA; .5 Biomed; .5 FA,8,8,8,8,8,8,8,210,129,2,2,,2,,2,,,No,,12,,12,,12,,,16,,15,,17,,14,17,32,18,0,0,1,2,0,5,0,0,5,22,6,2,2,0,0,32,0,0,0,2,1,3,5,3,8,7,5,12,5,4,9,19,13,32,,,4,,28,,32,,32,,32,1/1/2023,12312023,Review/Compilation of Financial Statements,,,,,,,,,,,,,,,,,,,,,,,,,,,,,,,,,,,,0,480512.95,1899.84,335493,704531,0,1522436.79,22,6,2,2,0,0,0,,,,,,,,,,2070
14-2860,2023,Renal Center New Lenox,"1890 Silver Cross Blvd, Suite 150",New Lenox,60451,9,95-3372911,Total Renal Care,For Profit Corporation,Virginia Pletzke,Naila Ahmed,NP SCH MSB LLC,,,,,,,,,,,,,,,,,,,,,,40,5,7,0.8,0.8,0,2.2,0,15.8,"Facility Administrator
Administrative Assistant
Biomed",19,19,19,19,19,19,0,212.25,266,3,3,3,3,3,3,3,0,No,0,17.5,15.5,17.5,15.5,17.5,15.5,0,35,35,33,30,37,34,85,92,137,58,12,3,2,3,4,45,7,0,10,103,13,3,17,0,1,137,0,0,0,6,3,9,30,19,49,14,21,35,18,26,44,68,69,137,4,0,32,0,101,0,137,27,110,0,137,1/1/2023,12/31/2023,Audited Financial Statements,"$13,285.08",,,,,,,,,,,,,,,,,,,,,,,,,,,,,,,,,,,0,1861164.4,71457.81,1837063,1435535,0,5205220.21,103,13,3,17,0,2880,1,,,,,,,,,,12043
14-2861,2023,Renal Center West Joliet,"1051 Essington Rd, Suite 160",Joliet,60435,9,95-3372911,Total Renal Group,For Profit Corporation,Mohammad Malik,Preeti Nagarkatte,NPSCH MSB LLC,"1550 Market st, Suite 200","Denver, CO 80202",,,,,,,,,,,,,,,,,,,,40,4,8,1,1,0,3,0,17,"Bio Med 
Facility Administrator 
Adminstrative Assistant",26,29,26,29,26,26,0,210,319,,3,2,3,2,3,2,0,No,0,16,16,16,16,16,16,0,48,25,47,24,46,28,55,26,125,14,3,2,1,2,3,14,13,0,15,96,9,6,10,0,3,124,0,0,0,4,2,6,26,10,36,21,13,34,23,25,48,74,50,124,4,0,37,1,82,0,124,26,98,0,124,1/1/2023,12/31/2023,Review/Compilation of Financial Statements,"$43,439.90",,,,,,,,,,,,,,,,,,,,,,,,,,,,,,,,,,,0,1887268.41,9351.81,1792109.6,1707922.59,0,5396652.41,96,9,6,10,0,56880,3,,,,,,,,,,10919
14-2830,2023,Robinson Dialysis,1215 North Allen Suite B,Robinson,62454,5,26-2123806,"Total Renal Care, Inc.",For Profit Corporation,Ashley L. Ramsey,Dr. Manish Gera,Crawford Memorial Hospital,1000 North Allen,"Robinson, IL 62454",,,,,,,,,,,,,,,,,,,,40,3,3,0.5,0.5,0,0,1,8,"Facility Administrator is a registered nurse included in the above RN count.
Biomedical Technician
Administrative Assistant",9,9,9,9,9,9,1,210,225,2,2,2,2,2,2,2,0,No,0,12.5,10,12.5,10,12.5,10,0,19,16,18,16,21,17,33,40,62,30,2,0,0,5,0,11,7,0,5,53,3,1,5,0,0,62,0,0,0,0,1,1,11,7,18,10,5,15,17,11,28,38,24,62,0,0,0,0,62,0,62,0,62,0,62,1/1/2023,12/31/2023,Review/Compilation of Financial Statements,"$10,350.20",,,,,,,,,,,,,,,,,,,,,,,,,,,,,,,,,,,0,995168.92,,470835.25,139171,,1605175.17,53,3,1,5,0,0,0,,,,,,,,,,5211
14-2812,2023,Roxbury Dialysis,622 Roxbury Rd,Rockford,61107,1,68-0555153,Dialysis of Northern Illinois,Limited Liability Company,Mary Freeman,"James Stim, MD",Rendina Healthcare Real Estate,661 University Blvd; Suite 200,"Jupiter, FL 33458",,,,,Rockford Nephrology Associates,JV Partner,Ownership Interest,,,,,,,,,,,,,40,4.2,6.2,1.3,1.5,0,1,1,15.2,Facility Admin and Admin Assistant,16,16,16,16,16,16,1,207,376,,3,2,3,2,3,2,0,No,0,16,12,16,12,16,12,0,38,28,37,28,38,26,72,69,113,33,14,0,1,2,3,39,4,0,4,94,10,2,13,0,2,121,0,0,0,8,4,12,24,21,45,15,12,27,19,18,37,66,55,121,4,0,26,1,84,6,121,18,97,6,121,1/1/2023,12/31/2023,Review/Compilation of Financial Statements,"$299,262.56",,,,,,,,,,,,,,,,,,,,,,,,,,,,,,,,,,,0,2112788.34,91390.57,2111474.63,3140538.66,0,7456192.2,94,10,2,13,0,6480,2,,,,,,,,,,10052
14-2619,2023,Rutgers Park Dialysis,8604 Woodward Ave,Woodridge,60517,7,82-0848574,Total  Renal Care,For Profit Corporation,Brett Curtiss,Kristey  Delaney,"Pearl Property Group, LLC",1010 Lake St. Suite 200,"Oak Park, IL 60301",,,,,,,,,,,,,,,,,,,,126,2,3,0.5,0.5,0,0.5,0.5,7,"Biomedical specialist
Administrative assistant",12,12,12,12,12,12,1,3.5,59,1,2,2,2,2,2,2,2,No,0,12,12,12,12,12,12,0,20,4,21,3,21,3,0,18,47,19,25,0,0,0,0,40,0,0,3,37,1,0,9,0,0,47,0,0,0,2,2,4,4,3,7,7,9,16,14,6,20,27,20,47,9,0,8,0,30,0,47,4,43,0,47,1/1/2023,12/31/2023,Review/Compilation of Financial Statements,"$6,348.05",,,,,,,,,,,,,,,,,,,,,,,,,,,,,,,,,,,0,247377.01,5677.44,742604.64,994144.4,0,1989803.49,37,1,0,9,0,2520,0,,,,,,,,,,3958
14-2873,2023,SAH DIALYSIS CENTER AT 26TH STREET,3059 W 26TH ST.,Chicago,60623,6,51-0217097,SAINT ANTHONY HOSPITAL,Non-Profit Church-Related,Raquel Prendkowski,DR. IZABELLA GURAU,Chicago Title lAND # 22630,3059 W 26th St.,"Chicago, IL 60623",,,,,,,,,,,,,,,,,,,,40,2.75,4.75,0.5,0.5,0,1,1,10.5,"Other Health Related Professionals - Medical Director
Other Non-Health Related Professionals - Biomed and Coordinator",15,15,15,15,15,14,0,210,368,3,3,2,3,2,2,2,0,No,0,14,10.5,14,10.5,10.5,10.5,0,21,10,20,9,21,12,38,41,60,20,1,0,1,1,3,11,0,0,5,34,17,0,9,0,0,60,0,0,0,4,4,8,12,6,18,15,7,22,2,10,12,33,27,60,0,0,11,0,0,49,60,49,11,0,60,7/1/2022,6/30/2023,Review/Compilation of Financial Statements,"$2,061,213.00",,,,,,,,,,,,,,,,,,,,,,,,,,,,,,,,,,,0,690859,233251,,1309427,,2233537,34,17,0,9,0,0,0,,,,,,,,,,5155
14-2585,2023,Salt Creek,196 W North Ave,Villa Park,60181,7,1912482654,Davita Salt Creek Dialysis,For Profit Corporation,Kristina Lopez,Facility Administrator,"Aetna OL, LLC c/o National Shopping",200 W Madison St STE 4200,"Chicago, IL 60606-3465",,,,,,,,,,,,,,,,,,,,35,2,4.5,0.5,0.5,0,0,1.5,9,"Facility Admnistrator
Biomed",12,12,12,12,12,12,1,225,14,3,3,0,3,0,3,0,0,No,0,11,0,11,0,11,0,0,25,0,25,0,25,0,26,27,54,15,13,0,1,1,2,18,1,0,1,40,7,0,4,0,2,53,0,0,0,3,0,3,10,6,16,9,4,13,13,8,21,35,18,53,3,8,9,0,41,0,61,17,0,0,17,1/2/2023,12/31/2023,Review/Compilation of Financial Statements,,,,,,,,,,,,,,,,,,,,,,,,,,,,,,,,,,,,0,712354.97,26342.61,445118.09,340323.9,,1524139.57,40,7,0,4,0,5670,2,,,,,,,,,,3874
14-2869,2023,Shiloh Davita,1095 North Green Mount Road,Belleville,62221,11,953372911,Total Renal Care,For Profit Corporation,Tracy Doht,Rashid Dalal,Therkeld Family Investment LLC,1095 North Green Mount Road,"Belleville, IL 62221",,,,,,,,,,,,,,,,,,,,40,3,60,0.5,0.5,0,0,0,64,"1 Administrative Administrator
1 Biomed",16,16,16,16,16,16,1,210,731,5,3,2,3,2,3,2,0,Off,0,15,12,15,12,15,12,0,33,22,31,22,32,21,54,65,92,15,8,1,0,1,3,1,3,0,10,70,0,3,19,0,0,92,0,0,0,2,3,5,30,16,46,13,7,20,6,15,21,51,41,92,0,0,59,0,32,1,92,1,91,,92,1/1/2023,12/31/2023,Review/Compilation of Financial Statements,"$70,617.26",,,,,,,,,,,,,,,,,,,,,,,,,,,,,,,,,,,,1219690.67,0,1616305.29,1068165.62,,3904161.58,70,0,3,19,0,0,0,,,,,,,,,,8399
14-2668,2023,Springfield Montvale,2930 Montvale Dr. Suite A,Springfield,62704,3,62-1323090,DVA Renal Health Inc.,For Profit Corporation,Quawan Sutton,Oritsegbubemi Adekola,Marriott Properties,205 W. Isles,"Springfield, Illinois  62704",,,,,,,,,,,,,,,,,,,,,3.42,1,0.4,0,0,0,1,5.82,FA,17,17,17,17,17,17,0,210,436,2,2,1,2,1,2,1,0,No,0,11,0,11,0,11,0,0,23,0,19,0,22,0,42,32,31,19,5,3,0,7,3,7,2,0,8,40,98,0,3,0,1,142,0,0,0,1,4,5,13,8,21,5,9,14,9,5,14,28,26,54,0,0,16,0,26,0,42,0,1,0,1,1/1/2023,12/31/2023,Review/Compilation of Financial Statements,"$222,163.69",,,,,,,,,,,,,,,,,,,,,,,,,,,,,,,,,,,0,725897.15,20344.36,631053.01,151074,,1528368.52,40,98,0,3,0,14400,1,,,,,,,,,,4678
14-2715,2023,Stonecrest,1302 E State St,Rockford,61104,1,95-3372911,,For Profit Corporation,Lien Nguyen,Joanna Niemiec,"Lilibridge Healthcare  Services, Inc",353 N. Clark St Suite 3300,"Chicago, IL 60654",,,,,,,,,,,,,,,,,,,,40,2.5,9,0.6,0.6,0,1,1.3,15,"Other Healthcare Professional: FA
Other Non- Healthcare Professional: 1 AA, 0.3 BSS",12,12,12,12,12,12,0,4,478,3,3,2,3,2,3,2,0,No,0,16,13,16,13,16,13,0,32,23,30,22,32,22,67,57,82,14,3,0,0,1,2,14,3,0,5,25,6,46,4,0,1,82,0,0,0,5,4,9,26,7,33,10,13,23,7,10,17,48,34,82,1,0,35,1,45,0,82,19,63,0,82,1/1/2023,12/31/2023,Review/Compilation of Financial Statements,"$14,181.58",,,,,,,,,,,,,,,,,,,,,,,,,,,,,,,,,,,0,880094.46,79551,1516218,657076,0,3132939.46,25,6,46,4,0,18000,1,,,,,,,,,,8566
14-2835,2023,Stony Island,8725 S. Stony Island Ave.,Chicago,60617,6,95-3372911,Total Renal Care Inc.,For Profit Corporation,Ashley Frias,Nicole Stankus,Tiebout IL LLC,109 Montgomery,"Scarsdale, NY 10583",,,,,,,,,,,,,,,,,,,,40,4,7,1,1,0,1,1,15,"1- Biomed
1- Administrative Assistant",32,32,32,32,32,32,2,3.29,980,2,2,2,2,2,2,2,0,No,0,11,11,11,11,11,11,0,43,41,41,38,44,38,102,87,107,14,0,5,0,0,4,23,1,1,8,60,34,10,3,0,0,107,0,0,0,5,5,10,10,7,17,15,15,30,20,30,50,50,57,107,0,0,106,0,1,0,107,1,106,0,107,1/1/2023,12/31/2023,Review/Compilation of Financial Statements,"$17,823.24",,,,,,,,,,,,,,,,,,,,,,,,,,,,,,,,,,,0,2182183.7,127699.07,1853676.22,581304.36,0,4744863.35,60,34,10,3,0,0,0,,,,,,,,,,12740
14-2666,2023,Taylorville Davita,901 W Spresser,Taylorville,62568,3,10,DVA Renal Healthcare INC,For Profit Corporation,Chauntae Stubbs,Dr Muhammad Qaseem,Richmar LLC,308 N Madison,"Taylorville, Il 62568",,,,,,,,,,,,,,,,,,,,35,1.5,3,0.5,0.5,0,0,0.5,6,Part time Biomed Tech,12,12,12,12,12,12,1,210,220,3,3,0,3,0,3,0,0,No,0,12,0,12,0,12,0,0,27,0,28,0,27,0,29,32,47,15,3,0,0,1,1,5,4,0,5,41,3,0,2,0,1,47,0,0,0,2,2,4,8,8,16,8,9,17,7,3,10,25,22,47,0,0,2,0,0,0,2,0,47,0,47,1/1/2023,12/31/2023,Review/Compilation of Financial Statements,"$6,709.82",IOT Gateway Device,880.83,Capitalized,,*A2931 CNU MR36 Hardware,1085.76,Capitalized,,*A2931 CNU MR36 Hardware,369.73,Capitalized,,*A2931 CNU MR36 Hardware,369.73,Capitalized,,*A2931 CNU MR36 Hardware,369.73,Capitalized,,*A2931 CNU MS120-48LP Hardware,1817.02,Capitalized,,*A2931 CNU MS120-48LP Hardware,1817.02,Capitalized,,,,,,,,0,546999.6,6025.87,649955.4,87766.79,0,1290747.66,41,3,0,2,0,9360,1,,,,,,,,,,4231
14-2329,2023,Tazewell County Dialysis,"1021 Court Street, Suite A",Pekin,61554,2,45-5464717,"Total Renal Care, Inc",For Profit Corporation,Tiffany Overbey,Dr. Ahsan Usman,Nazim F Habib and Shehnaz N Habib,20332 Via Sansovino,"Porter Ranch, CA 91326",,,,,,,,,,,,,,,,,,,,35,2.06,2.18,0.3,0.2,0,0,0.7,5.44,Facility Administrator 0.7 FTE,8,8,8,8,8,8,1,215,448,2,2,2,2,2,2,2,0,No,0,11,11,11,11,11,11,0,14,8,15,9,15,9,27,28,55,14,14,1,1,0,0,6,4,0,3,17,1,31,5,0,1,55,0,0,0,2,3,5,16,8,24,10,9,19,3,4,7,31,24,55,1,0,10,0,44,,55,4,51,0,55,1/1/2023,12/31/2023,Review/Compilation of Financial Statements,"$6,277.21",,,,,,,,,,,,,,,,,,,,,,,,,,,,,,,,,,,,386574.34,5753.73,831162.44,238680.5,,1462171.01,17,1,31,5,0,4320,1,,,,,,,,,,4122
14-2875,2023,Timber Creek,1001 S. Annie Glidden Rd.,Dekalb,60115,1,68-0555135,Dialysis of Northern Illinois,Limited Liability Company,Brittney Donaldson,Bindu Pavithran,Donald Meyer,11501 Northlake Dr.,"Cincinnati, OH 45249",,,,,Rockford Nephrology,J.V Partner,Ownership Interest,,,,,,,,,,,,,30,3,5,0.25,0.25,0,1,1,10.5,AA and BioMed,12,12,12,12,12,12,0,210,127,2,2,1,2,1,2,1,0,No,0,10.5,6,10.5,6,10.5,6,0,18,9,18,10,20,8,0,22,59,13,15,0,0,2,1,8,0,0,0,47,7,1,4,0,0,59,0,0,0,2,4,6,15,8,23,5,15,20,4,6,10,26,33,59,0,0,18,0,28,13,59,11,47,1,59,1/1/2023,12/31/2023,Review/Compilation of Financial Statements,"$12,383.12",,,,,,,,,,,,,,,,,,,,,,,,,,,,,,,,,,,0,613624.29,22135,710693.43,691298.92,0,2037751.64,47,7,1,4,0,0,0,,,,,,,,,,3823
14-2698,2023,TRC Children's Dialysis Center,1333 N. Kingsbury St.  Suite 100,Chicago,60642,6,95-3372911,"DaVita, Inc.",For Profit Corporation,Kathleen Ortiz,Mahima Keswani,North Kingsbury Chicago Real Estate,250 S. Wacker Dr. Suite 200,"Chicago, IL  60606",Holding Inc.,,,,,,,,,,,,,,,,,,,40,5,2,0.8,0.4,0,2,0,10.2,AA and FA,8,8,8,8,7,6,,300,0,2,2,0,2,0,2,0,0,No,0,10,0,10,0,10,0,0,8,0,7,0,7,0,7,11,21,14,0,1,0,3,4,3,0,0,1,,18,,3,,,21,3,7,10,7,4,11,,,0,,,0,,,0,10,11,21,,,6,,15,,21,12,9,,21,1/1/2023,12/31/2023,Review/Compilation of Financial Statements,"$13,107.04",,,,,,,,,,,,,,,,,,,,,,,,,,,,,,,,,,,,94140.09,80959.85,764041.38,1133806.53,,2072947.85,0,18,0,3,0,0,0,,,,,,,,,,1355
14-2714,2023,"Tri-Cities Dialysis, LLC",306 Randall Rd.,Geneva,60134,8,60134,"Renaissance Management, LLC",Limited Liability Company,Elaine Stagen,Dr. Harry Rubinstein,Northwestern Medicine Holdings Co,300 Randall Rd.,"Geneva, IL 60134",,,,,"Fox Valley Dialysis, Il",Member,Financial/Equity 51%,Northwestern Memorial Holdings Co,Member,Financial/Equity 49%,"Renaissance Management Co., LLC",Affiliate,Employee Lease & Mgmt. Agreement,"Fox Valley Medical Associate, Ltd.",Affiliate,Medical Director Agreement,"Fox Valley Dialysis, Ltd.",Affiliate,None,40,4.3,7.4,1,0.47,0,0,1.97,15.14,Other Non Health-Related Professionals: Biomedical Technicians & Clerical,20,20,20,20,17,16,16,226,112,3,3,2,3,2,3,2,0,No,0,16,12,16,12,16,12,0,43,28,41,26,41,30,69,72,110,39,1,0,1,6,5,15,2,0,10,86,7,0,17,0,0,110,0,0,0,3,3,6,19,7,26,18,10,28,29,21,50,69,41,110,4,0,8,0,98,,110,11,99,0,110,1/1/2023,12/31/2023,Review/Compilation of Financial Statements,$-,,,,,,,,,,,,,,,,,,,,,,,,,,,,,,,,,,,0,2708576,63715,0,1339772,,4112063,86,7,0,17,0,0,0,,,,,,,,,,10495
14-2644,2023,University of Illinois Hospital Dialysis,1859 West Taylor Street,Chicago,60612,6,37-6000511,The Board of Trustees of the University of Illinois,Other Government,Mary Ann Medina,Dr. Claudia M. Lora,The Board of Trustees of the University of Illinois -,506 South Wright Street,Urbana IL 61801,,,,,University of Illinois Hospital and Health Sciences System / UI Health,Parent - Hospital Based,Parent,,,,,,,,,,,,,40,9.5,20.1,2,1,1,15,7.1,55.7,"Nephrologists=6, 
Renal Fellows=8,
Pharmacist=1,
Office Manager=.9,
Customer Service Assistants=2.7,
Clinical Engineer/Biomed Tech=1.0
Equipment Attendant=0.7
Business Admin. Asso.=0.9",26,26,26,26,24,24,24,240,1718,3,3,3,3,3,3,3,0,No,0,18,18,18,18,18,18,0,55,48,49,50,55,53,105,104,104,37,0,0,3,0,6,19,1,0,12,66,23,0,15,0,0,104,0,0,0,7,11,18,23,23,46,13,9,22,7,11,18,50,54,104,1,0,66,0,37,0,104,34,70,0,104,7/1/2022,6/30/2023,Audited Financial Statements,"$208,391,381.00",ADA Inpatient Room Renovation,3993203,Cash,C22007,New Lobby SW Atrium,3670891,Cash,C14046,Integrated Information Infrastructur,1431520,Cash,,Pathology Lab Expansion,1427327,Cash,,Cebtral Sterile Expansion,1275194,Cash,,Hospital Bone Marrow Fan Replace,1040205,Cash,C21018,Hospital Dock and ED Entrance,711885,Cash,C20083,Hospital ED New CT Scanner,704755,Cash,C18020,,,258413112,2762254,827459,0,551739,,4141452,66,23,0,15,0,0,0,,,,,,,,,,15196
14-2866,2023,US Renal Care Bolingbrook,396 Remington Boulevard,Bolingbrook,60440,9,45211907,US Renal Care,Limited Liability Company,T. DeShea Johnson,Dr. Mohammed Ahmed,Holladay Property Services,2710 Old Lebanon Road,"Nashville, Tennessee 37214",,,,,USRC Alliance,Partner,Majority,Advanced Home Therapy,Partner,Minority,BOAH,Partner,Minority,Extracorporeal Service,Partner,Minority,,,,40,3.6,4.5,0.75,1,0,0.5,1,11.35,"Biomed technician 0.5
Unit Clerk II 1.0",13,13,13,13,13,12,1,210,527,3,3,3,3,3,3,3,0,Off,0,13.5,13.5,13.5,13.5,13.5,13.5,0,33,28,29,27,33,29,64,65,95,26,15,1,0,8,9,17,3,1,4,45,1,0,49,0,0,95,0,0,0,3,5,8,20,11,31,17,8,25,12,19,31,52,43,95,7,0,32,0,40,16,95,12,79,4,95,1/1/2023,12/31/2023,Review/Compilation of Financial Statements,$-,,,,,,,,,,,,,,,,,,,,,,,,,,,,,,,,,,,0,1353430,13052,156327,1532704,11,3055524,45,1,0,49,0,0,0,,,,,,,,,,8947
14-2848,2023,US Renal Care Scottsdale,4651 West 79th Street,Chicago,60652,6,45-3040157,US Renal Care,Other For Profit,Annie Wilson,Jeanette McLaughlin,A & R Katz,3175 Commercial Ave. Suite 100,Northbrook Illinois 60062-1923,,,,,,,,,,,,,,,,,,,,40,1,1,0.75,0.75,0,1,1,5.5,"Bio Med Tech
Unit Clerk",36,36,36,36,28,26,0,240,1146,2,2,2,2,2,2,2,0,No,0,13,13,13,13,13,13,0,48,37,50,37,49,39,79,82,115,34,5,0,0,2,9,16,0,0,9,40,3,0,72,0,0,115,0,0,0,9,5,14,32,13,45,13,17,30,9,17,26,63,52,115,0,1,59,0,27,28,115,23,87,5,115,1/1/2023,12/31/2023,Review/Compilation of Financial Statements,,,,,,,,,,,,,,,,,,,,,,,,,,,,,,,,,,,,0,1362121.04,57261.7,270393.96,2106591.49,10140,3806508.19,40,3,0,72,0,0,0,,,,,,,,,,11415
14-2872,2023,US RENAL CARE VILLA PARK,200 E NORTH AVE,Villa Park,60181,7,61-1682658,US RENAL ACRE,Limited Liability Partnership,Richard Espinosa,MICHAEL COHAN,ROYAL PLAZA INVESTMENTS,11 S LaGRANGE,ILLINOIS,,,,,USRC ALLIANCE,PARTNER,MAJORITY,MICHAEL COHAN MD,PARTNER,MINORITY,MARTIN KITTAKA MD,PARTNER,MINORITY,ADVANCE HOME THERAPIES,PARTNER,MINORITY,,,,40,3,3.5,0.5,0.5,0,0,1,8.5,"BIO MEDICAL TECHNICIAN 0.5

UNIT CLERK   0.5",13,13,13,13,13,13,13,210,632,3,3,2,3,2,3,2,0,No,0,13,8.5,13,8.5,13,8.5,0,34,21,32,20,32,22,54,54,78,21,5,1,0,2,4,14,0,0,7,35,0,0,27,0,0,62,0,0,0,3,1,4,13,10,23,15,8,23,18,16,34,49,35,84,4,0,15,2,41,22,84,16,62,6,84,1/1/2023,12/31/2023,Review/Compilation of Financial Statements,$-,,,,,,,,,,,,,,,,,,,,,,,,,,,,,,,,,,,0,688831,5705,89206,1060877,0,1844619,35,0,0,27,0,0,0,,,,,,,,,,7472
14-2552,2023,USRC Hickory Hills,9640  Roberts Rd  Suite B-3A,Hickory Hills,60457,7,352572022,USRenalcare,For Profit Corporation,Nancy Vanek Hughes,Dr. Natalie Selk,CP Management,"830 S. Buffalo Grove, Suite 106","Buffalo Grove, IL  60089",,,,,"MVNY Partners,LLC",owner,JV partner,,,,,,,,,,,,,40,2.25,3,0.5,0.5,0,1,0,7.25,unit clerk and biomed,13,13,13,13,13,12,0,210,595,2,2,2,2,2,2,2,0,No,0,10,10,10,10,10,10,0,21,15,21,12,21,17,41,45,67,25,2,0,0,0,5,10,0,0,8,28,1,0,38,0,0,67,0,0,0,1,3,4,11,5,16,17,8,25,15,7,22,44,23,67,0,0,10,0,48,9,67,6,58,3,67,0101/2023,12/31/2023,Review/Compilation of Financial Statements,$-,,,,,,,,,,,,,,,,,,,,,,,,,,,,,,,,,,,0,950343,15000,55833,901004,,1922180,28,1,0,38,0,0,0,,,,,,,,,,5310
14-2867,2023,USRC OAK BROOK,1201 B-BUTTERFIELD ROAD,Downers Grove,60515,7,45-2119444,US RENAL CARE,Limited Liability Partnership,Helen Powell,ANIS  RAUF,CEDAR ST COMMERCIAL,351 W CHICAGO,"CHICAGO, ILLINOIS 60654",,,,,USRC ALLIANCE,PARTNER,MAJORITY PARTNER,ADVANCED AHAOME THERAPIES,PARTNER,MAJORITY PARTNER,BOAH GROUP,PARTNER,MAJORITY PARTNER,EXTRACORPORAL SERVICES,,,,,,40,2.75,3.75,0.5,0.6,0,0.5,0,8.1,"UNIT CLERK and BIOMED, BUT HAVE TIME DIVIDED IN OTHER AREA/CLINICS",13,13,13,13,13,13,13,210,540,2,,,,,,,,No,0,10,10,10,10,10,10,0,18,18,15,15,17,16,48,42,84,29,10,51,3,9,3,26,0,1,6,33,3,0,47,0,1,84,0,0,0,6,3,9,11,10,21,14,7,21,18,15,33,49,35,84,7,0,32,0,40,16,95,12,79,4,95,1/1/2023,12/31/2023,Review/Compilation of Financial Statements,$-,,,,,,,,,,,,,,,,,,,,,,,,,,,,,,,,,,,0,740237,47446,58365,1435631,32500,2314179,33,3,0,47,0,0,1,,,,,,,,,,5889
14-2852,2023,USRC STREAMWOOD,149 E. IRVING PARK RD.,Streamwood,60107,7,45-2119831,US RENALCARE,Limited Liability Partnership,Janice Viray,DR. KHURRAM SALEEM,PINETREE,40 SKOKIE BLVD,"NORTHBROOK, IL 60062",,,,,PARVEEN NAAZ,OWNER,JV PARTNER,SWITCHBACK GROUP,OWNER,JV PARTNER,DR. JORDAN LANG,OWNER,JV PARTNER,DR. MOHAMMED,OWNER,JV PARTNER,DR. ANIS RAUF,OWNER,JV PARTNER,40,2,3,0.25,0.25,0,0,1,6.5,"UNIT CLERK
BIOMEDICAL TECHNICIAN",13,13,13,13,13,12,1,210,308,3,3,0,3,0,3,0,0,No,0,13,0,13,0,13,0,0,33,0,31,0,26,0,35,30,50,13,3,0,0,0,2,14,1,0,4,22,1,0,27,0,0,50,0,0,0,0,2,2,16,5,21,7,8,15,12,10,22,35,25,60,12,0,7,4,18,19,60,18,41,1,60,1/1/2023,12/31/2023,Review/Compilation of Financial Statements,$-,,,,,,,,,,,,,,,,,,,,,,,,,,,,,,,,,,,0,688831.65,5705.63,89206.45,1060877.08,0,1844620.81,22,1,0,27,0,0,0,,,,,,,,,,4203
14-2561,2023,USRC WEST CHICAGO,112 W 87TH STREET N,Chicago,60620,6,364547038,US RENAL CARE,Limited Liability Company,Ebony Walton,ABRAHAM THOMAS,AZT CORPORATION,16000 DALLAS PARKWAY,DALLAS TX 75248,,,,,USRC ALLIANCE,PARTNER,MINORITY,USRC ALLIANCE,PARTNER,MARJORITY,,,,,,,,,,40,3.25,6.4,0.25,0.25,0,0,1,11.15,BIOMED 0.5,13,13,13,13,13,13,1,210,952,3,3,3,3,3,3,3,0,No,0,14.5,14.5,14.5,14.5,14.5,14.5,0,29,31,31,29,33,31,66,59,88,15,0,0,0,3,2,16,2,1,0,26,0,0,62,0,0,88,0,0,0,3,8,11,22,7,29,16,16,32,5,11,16,46,42,88,1,0,71,0,0,16,88,1,72,15,88,1/1/2023,12/31/2023,Review/Compilation of Financial Statements,$-,,,,,,,,,,,,,,,,,,,,,,,,,,,,,,,,,,,0,885925,13219,324174,2598549,9031,3830898,26,0,0,62,0,0,0,,,,,,,,,,11705
14-2511,2023,Vermilion County DaVita,26 E. West Newell Rd.,Danville,61834,4,1134583262,"Total Renal Care, INC",For Profit Corporation,Nikkia Boots,Erlandas Ulozas,Genesis KC Delvelopment,2000 16th St.,"Denver, CO 80202",,,,,,,,,,,,,,,,,,,,36,3,8,1,1,0,1,2,16,"Administrator assistant 
Facility Administrator
Biomed",12,12,12,12,12,12,0,208,662,3,3,2,3,2,3,2,0,No,0,12,10,12,10,12,10,0,20,18,26,20,27,19,51,55,81,16,3,0,0,0,5,12,1,0,6,53,16,0,12,0,0,81,0,0,0,5,3,8,27,7,34,9,10,19,16,4,20,57,24,81,,,23,,49,9,81,9,72,,81,1/1/2023,12/31/2023,Review/Compilation of Financial Statements,"$6,685.37",,,,,,,,,,,,,,,,,,,,,,,,,,,,,,,,,,,,790276.06,30065.82,1178025.89,710673.41,,2709041.18,53,16,0,12,0,0,0,,,,,,,,,,7179
14-2568,2023,WASHINGTON HEIGHTS DIAlYSIS,10620 S HALSTED,Chicago,60628,6,82-083239,HAILSTONE DIALYSIS LLC,For Profit Corporation,Amanda Fisher,ADEL SAMAD,NOVOGRODER FRANKLIN HALSTEA,875 N MICHIGAN SUITE 3612,"CHICAGO, ILLINOIS 60611",,,,,,,,,,,,,,,,,,,,32,3,6,1,1,0,3,0,14,"1 FA
1 AA
1 BIOMED",16,16,16,16,16,16,1,210,1135,3,3,2,3,2,3,2,0,No,0,16,12,16,12,16,12,0,24,21,26,21,23,22,0,22,93,39,13,0,1,3,2,28,0,0,3,64,21,2,4,0,2,93,0,0,0,7,5,12,28,13,41,13,15,28,4,8,12,52,41,93,0,0,90,0,3,0,93,2,91,0,93,1/1/2023,12/31/2023,Review/Compilation of Financial Statements,"$14,079.63",,,,,,,,,,,,,,,,,,,,,,,,,,,,,,,,,,,0,788211,48824,1406231,473439,0,2716705,64,21,2,4,0,17640,2,,,,,,,,,,7572
14-2650,2023,Waukgean Renal Center,3350 Grand Ave,Waukegan,60085,8,20-2694671,"ISD Renal, Inc.",For Profit Corporation,Allan Navarro,Salima Din,"Waukegan Plaza II, LLC c/o",200 West Madison Street Suite 4200,"Chicago, Illinois 60606","National Shopping Plazas, Inc",,,,,,,,,,,,,,,,,,,40,6,8,1,1,0,0,2,18,1 Administrative assistant and Biomed Technician.,24,24,24,24,24,24,1,217,498,5,3,2,3,2,3,2,0,No,0,16,12,16,12,16,12,0,46,33,48,30,50,33,107,95,132,36,2,0,1,1,8,22,2,0,5,81,27,7,16,0,1,132,0,0,0,15,9,24,29,20,49,26,16,42,11,6,17,81,51,132,6,1,46,2,77,,132,64,68,0,132,1/1/2023,12/31/2023,Review/Compilation of Financial Statements,"$79,624.01",,,,,,,,,,,,,,,,,,,,,,,,,,,,,,,,,,,0,1492567.53,394045.7,1642523.92,2515191.14,0,6044328.29,81,27,7,16,0,5040,1,,,,,,,,,,13059
14-2847,2023,WOODLAWN,5060 SOUTH STATE STREET,Chicago,60609,6,95-3372911,RENAL CARE,For Profit Corporation,Denise Siki,DR MARY HAMMES,MATANKY REALTY,200 N. LASALLE ST SUITE 235,CHICAGO IL 60601,,,,,,,,,,,,,,,,,,,,38,5,12,2,1,0,2,1,23,"1 BIOMED
1 ADMINISTRATIVE ASSISTANT
1 FACILITY ADMINISTRATOR",32,32,32,32,32,32,2,210,677,3,3,2,3,2,3,2,0,No,0,12,10,12,10,12,10,0,42,32,41,28,48,26,0,43,96,34,2,0,2,0,5,28,0,0,5,69,23,0,4,0,0,96,0,0,0,5,3,8,23,22,45,9,17,26,6,11,17,43,53,96,0,0,93,0,3,0,96,3,93,,96,1/1/2023,12/31/2023,Review/Compilation of Financial Statements,"$13,067.67",,,,,,,,,,,,,,,,,,,,,,,,,,,,,,,,,,,0,2062681.13,39806.01,2003786,688956,0,4795229.14,69,23,0,4,0,0,0,,,,,,,,,,"12,391"
14-2828,2023,"Yorkville Dialysis Center, LLC",1400 N. Beecher Road,Yorkville,60560,9,,"Renaissance Management Company, LLC",Limited Liability Company,Elaine Stage,Dr. Valerie Heidenery,Yorkville Medical Building Company LL,1400 N. Beecher Road,"Yorkville, IL 60560",,,,,"Fox Valley Medical Associates, Ltd",Affiliate,Medical Director Agreement,"Renaissance Management, LLC",Affiliate,Employee Lease & Mgmt Agreement,"Fox Valley Dialysis, Ltd",Affiliate,None,"Fox Valley Acute Dialysis Services, LL",Affiliate,None,"Tri-Cities Dialysis, LLC",Affiliate,None,40,1.97,1.94,0,0.37,0,0,0.4,4.68,Other Non Health-Related Professionals: Biomedical Technicians & Clerical,8,8,8,8,8,8,0,225,71,2,2,2,2,2,2,2,0,No,0,12,12,12,12,12,12,0,11,11,12,10,13,11,29,30,49,15,5,0,0,0,0,8,0,0,11,33,11,0,5,0,0,49,0,0,0,2,2,4,11,9,20,6,7,13,7,5,12,26,23,49,0,0,9,0,40,,49,9,40,0,49,1/1/2023,12/31/2023,Review/Compilation of Financial Statements,$-,,,,,,,,,,,,,,,,,,,,,,,,,,,,,,,,,,,0,746996,60653,0,1015518,0,1823167,33,11,0,5,0,0,0,,,,,,,,,,3861
